%YAML 1.1
%TAG !u! tag:unity3d.com,2011:
--- !u!1 &7587419018662001105
GameObject:
  m_ObjectHideFlags: 0
  m_CorrespondingSourceObject: {fileID: 0}
  m_PrefabInstance: {fileID: 0}
  m_PrefabAsset: {fileID: 0}
  serializedVersion: 6
  m_Component:
  - component: {fileID: 7587419018662001106}
  - component: {fileID: 7587419018662001109}
  - component: {fileID: 7587419018662001108}
  - component: {fileID: 7587419018662001107}
  m_Layer: 0
  m_Name: head
  m_TagString: Untagged
  m_Icon: {fileID: 0}
  m_NavMeshLayer: 0
  m_StaticEditorFlags: 0
  m_IsActive: 1
--- !u!4 &7587419018662001106
Transform:
  m_ObjectHideFlags: 0
  m_CorrespondingSourceObject: {fileID: 0}
  m_PrefabInstance: {fileID: 0}
  m_PrefabAsset: {fileID: 0}
  m_GameObject: {fileID: 7587419018662001105}
  m_LocalRotation: {x: 0, y: 0.680593, z: 0, w: 0.7326618}
  m_LocalPosition: {x: 0.21, y: 0.64, z: 0}
  m_LocalScale: {x: 0.3, y: 0.4, z: 0.4}
  m_Children:
  - {fileID: 7587419017687162600}
  - {fileID: 7587419017888852391}
  m_Father: {fileID: 7587419018752834107}
  m_RootOrder: 0
  m_LocalEulerAnglesHint: {x: 0, y: 85.78, z: 0}
--- !u!33 &7587419018662001109
MeshFilter:
  m_ObjectHideFlags: 0
  m_CorrespondingSourceObject: {fileID: 0}
  m_PrefabInstance: {fileID: 0}
  m_PrefabAsset: {fileID: 0}
  m_GameObject: {fileID: 7587419018662001105}
  m_Mesh: {fileID: 10202, guid: 0000000000000000e000000000000000, type: 0}
--- !u!23 &7587419018662001108
MeshRenderer:
  m_ObjectHideFlags: 0
  m_CorrespondingSourceObject: {fileID: 0}
  m_PrefabInstance: {fileID: 0}
  m_PrefabAsset: {fileID: 0}
  m_GameObject: {fileID: 7587419018662001105}
  m_Enabled: 1
  m_CastShadows: 1
  m_ReceiveShadows: 1
  m_DynamicOccludee: 1
  m_MotionVectors: 1
  m_LightProbeUsage: 1
  m_ReflectionProbeUsage: 1
  m_RayTracingMode: 2
  m_RenderingLayerMask: 1
  m_RendererPriority: 0
  m_Materials:
  - {fileID: 10303, guid: 0000000000000000f000000000000000, type: 0}
  m_StaticBatchInfo:
    firstSubMesh: 0
    subMeshCount: 0
  m_StaticBatchRoot: {fileID: 0}
  m_ProbeAnchor: {fileID: 0}
  m_LightProbeVolumeOverride: {fileID: 0}
  m_ScaleInLightmap: 1
  m_ReceiveGI: 1
  m_PreserveUVs: 0
  m_IgnoreNormalsForChartDetection: 0
  m_ImportantGI: 0
  m_StitchLightmapSeams: 1
  m_SelectedEditorRenderState: 3
  m_MinimumChartSize: 4
  m_AutoUVMaxDistance: 0.5
  m_AutoUVMaxAngle: 89
  m_LightmapParameters: {fileID: 0}
  m_SortingLayerID: 0
  m_SortingLayer: 0
  m_SortingOrder: 0
--- !u!65 &7587419018662001107
BoxCollider:
  m_ObjectHideFlags: 0
  m_CorrespondingSourceObject: {fileID: 0}
  m_PrefabInstance: {fileID: 0}
  m_PrefabAsset: {fileID: 0}
  m_GameObject: {fileID: 7587419018662001105}
  m_Material: {fileID: 0}
  m_IsTrigger: 0
  m_Enabled: 1
  serializedVersion: 2
  m_Size: {x: 1, y: 1, z: 1}
  m_Center: {x: 0, y: 0, z: 0}
--- !u!1 &7587419018752834102
GameObject:
  m_ObjectHideFlags: 0
  m_CorrespondingSourceObject: {fileID: 0}
  m_PrefabInstance: {fileID: 0}
  m_PrefabAsset: {fileID: 0}
  serializedVersion: 6
  m_Component:
  - component: {fileID: 7587419018752834107}
  - component: {fileID: 7587419018752834106}
  - component: {fileID: 7587419018752834105}
  - component: {fileID: 7587419018752834104}
  - component: {fileID: 7587419018752834103}
  m_Layer: 0
  m_Name: Player 1
  m_TagString: Untagged
  m_Icon: {fileID: 0}
  m_NavMeshLayer: 0
  m_StaticEditorFlags: 0
  m_IsActive: 1
--- !u!4 &7587419018752834107
Transform:
  m_ObjectHideFlags: 0
  m_CorrespondingSourceObject: {fileID: 0}
  m_PrefabInstance: {fileID: 0}
  m_PrefabAsset: {fileID: 0}
  m_GameObject: {fileID: 7587419018752834102}
  m_LocalRotation: {x: 0, y: 0, z: 0, w: 1}
  m_LocalPosition: {x: -1.65, y: 1, z: 0}
  m_LocalScale: {x: 1, y: 1, z: 1.0000002}
  m_Children:
  - {fileID: 7587419018662001106}
  - {fileID: 7587419018788687310}
  m_Father: {fileID: 0}
  m_RootOrder: 0
  m_LocalEulerAnglesHint: {x: 0, y: 0, z: 0}
--- !u!33 &7587419018752834106
MeshFilter:
  m_ObjectHideFlags: 0
  m_CorrespondingSourceObject: {fileID: 0}
  m_PrefabInstance: {fileID: 0}
  m_PrefabAsset: {fileID: 0}
  m_GameObject: {fileID: 7587419018752834102}
  m_Mesh: {fileID: 10202, guid: 0000000000000000e000000000000000, type: 0}
--- !u!23 &7587419018752834105
MeshRenderer:
  m_ObjectHideFlags: 0
  m_CorrespondingSourceObject: {fileID: 0}
  m_PrefabInstance: {fileID: 0}
  m_PrefabAsset: {fileID: 0}
  m_GameObject: {fileID: 7587419018752834102}
  m_Enabled: 1
  m_CastShadows: 1
  m_ReceiveShadows: 1
  m_DynamicOccludee: 1
  m_MotionVectors: 1
  m_LightProbeUsage: 1
  m_ReflectionProbeUsage: 1
  m_RayTracingMode: 2
  m_RenderingLayerMask: 1
  m_RendererPriority: 0
  m_Materials:
  - {fileID: 2100000, guid: 028033f01178e6c46a66d0c74cdc0f9a, type: 2}
  m_StaticBatchInfo:
    firstSubMesh: 0
    subMeshCount: 0
  m_StaticBatchRoot: {fileID: 0}
  m_ProbeAnchor: {fileID: 0}
  m_LightProbeVolumeOverride: {fileID: 0}
  m_ScaleInLightmap: 1
  m_ReceiveGI: 1
  m_PreserveUVs: 0
  m_IgnoreNormalsForChartDetection: 0
  m_ImportantGI: 0
  m_StitchLightmapSeams: 1
  m_SelectedEditorRenderState: 3
  m_MinimumChartSize: 4
  m_AutoUVMaxDistance: 0.5
  m_AutoUVMaxAngle: 89
  m_LightmapParameters: {fileID: 0}
  m_SortingLayerID: 0
  m_SortingLayer: 0
  m_SortingOrder: 0
--- !u!65 &7587419018752834104
BoxCollider:
  m_ObjectHideFlags: 0
  m_CorrespondingSourceObject: {fileID: 0}
  m_PrefabInstance: {fileID: 0}
  m_PrefabAsset: {fileID: 0}
  m_GameObject: {fileID: 7587419018752834102}
  m_Material: {fileID: 0}
  m_IsTrigger: 0
  m_Enabled: 1
  serializedVersion: 2
  m_Size: {x: 1, y: 1, z: 1}
  m_Center: {x: 0, y: 0, z: 0}
--- !u!143 &7587419018752834103
CharacterController:
  m_ObjectHideFlags: 0
  m_CorrespondingSourceObject: {fileID: 0}
  m_PrefabInstance: {fileID: 0}
  m_PrefabAsset: {fileID: 0}
  m_GameObject: {fileID: 7587419018752834102}
  m_Material: {fileID: 0}
  m_IsTrigger: 0
  m_Enabled: 1
  serializedVersion: 2
  m_Height: 1
  m_Radius: 0.5
  m_SlopeLimit: 45
  m_StepOffset: 0.3
  m_SkinWidth: 0.08
  m_MinMoveDistance: 0.001
  m_Center: {x: 0, y: 0, z: 0}
--- !u!1001 &4097989511518430574
PrefabInstance:
  m_ObjectHideFlags: 0
  serializedVersion: 2
  m_Modification:
    m_TransformParent: {fileID: 7587419018662001106}
    m_Modifications:
    - target: {fileID: 5878630015169187017, guid: 80e0f7d00a5bf334bbadf60a07429c3d,
        type: 3}
      propertyPath: m_LocalPosition.x
      value: 0
      objectReference: {fileID: 0}
    - target: {fileID: 5878630015169187017, guid: 80e0f7d00a5bf334bbadf60a07429c3d,
        type: 3}
      propertyPath: m_LocalPosition.y
      value: 0
      objectReference: {fileID: 0}
    - target: {fileID: 5878630015169187017, guid: 80e0f7d00a5bf334bbadf60a07429c3d,
        type: 3}
      propertyPath: m_LocalPosition.z
      value: 0
      objectReference: {fileID: 0}
    - target: {fileID: 5878630015169187017, guid: 80e0f7d00a5bf334bbadf60a07429c3d,
        type: 3}
      propertyPath: m_LocalRotation.x
      value: -0.020056374
      objectReference: {fileID: 0}
    - target: {fileID: 5878630015169187017, guid: 80e0f7d00a5bf334bbadf60a07429c3d,
        type: 3}
      propertyPath: m_LocalRotation.y
      value: 0.036810752
      objectReference: {fileID: 0}
    - target: {fileID: 5878630015169187017, guid: 80e0f7d00a5bf334bbadf60a07429c3d,
        type: 3}
      propertyPath: m_LocalRotation.z
      value: 0.00073893997
      objectReference: {fileID: 0}
    - target: {fileID: 5878630015169187017, guid: 80e0f7d00a5bf334bbadf60a07429c3d,
        type: 3}
      propertyPath: m_LocalRotation.w
      value: 0.9991207
      objectReference: {fileID: 0}
    - target: {fileID: 5878630015169187017, guid: 80e0f7d00a5bf334bbadf60a07429c3d,
        type: 3}
      propertyPath: m_RootOrder
      value: 1
      objectReference: {fileID: 0}
    - target: {fileID: 5878630015169187017, guid: 80e0f7d00a5bf334bbadf60a07429c3d,
        type: 3}
      propertyPath: m_LocalEulerAnglesHint.x
      value: -2.3
      objectReference: {fileID: 0}
    - target: {fileID: 5878630015169187017, guid: 80e0f7d00a5bf334bbadf60a07429c3d,
        type: 3}
      propertyPath: m_LocalEulerAnglesHint.y
      value: 4.2200003
      objectReference: {fileID: 0}
    - target: {fileID: 5878630015169187017, guid: 80e0f7d00a5bf334bbadf60a07429c3d,
        type: 3}
      propertyPath: m_LocalEulerAnglesHint.z
      value: 0
      objectReference: {fileID: 0}
    - target: {fileID: 5878630015169187018, guid: 80e0f7d00a5bf334bbadf60a07429c3d,
        type: 3}
      propertyPath: m_Name
      value: TorciaVol
      objectReference: {fileID: 0}
    m_RemovedComponents: []
  m_SourcePrefab: {fileID: 100100000, guid: 80e0f7d00a5bf334bbadf60a07429c3d, type: 3}
--- !u!4 &7587419017888852391 stripped
Transform:
  m_CorrespondingSourceObject: {fileID: 5878630015169187017, guid: 80e0f7d00a5bf334bbadf60a07429c3d,
    type: 3}
  m_PrefabInstance: {fileID: 4097989511518430574}
  m_PrefabAsset: {fileID: 0}
--- !u!1001 &6212449797139217922
PrefabInstance:
  m_ObjectHideFlags: 0
  serializedVersion: 2
  m_Modification:
    m_TransformParent: {fileID: 7587419018752834107}
    m_Modifications:
    - target: {fileID: 4574781225241113548, guid: 5e9b2802f0540c645896635dfa125ac4,
        type: 3}
      propertyPath: m_LocalPosition.x
      value: -0.29
      objectReference: {fileID: 0}
    - target: {fileID: 4574781225241113548, guid: 5e9b2802f0540c645896635dfa125ac4,
        type: 3}
      propertyPath: m_LocalPosition.y
      value: 1.41
      objectReference: {fileID: 0}
    - target: {fileID: 4574781225241113548, guid: 5e9b2802f0540c645896635dfa125ac4,
        type: 3}
      propertyPath: m_LocalPosition.z
      value: -0.11
      objectReference: {fileID: 0}
    - target: {fileID: 4574781225241113548, guid: 5e9b2802f0540c645896635dfa125ac4,
        type: 3}
      propertyPath: m_LocalRotation.x
      value: 0
      objectReference: {fileID: 0}
    - target: {fileID: 4574781225241113548, guid: 5e9b2802f0540c645896635dfa125ac4,
        type: 3}
      propertyPath: m_LocalRotation.y
      value: 0
      objectReference: {fileID: 0}
    - target: {fileID: 4574781225241113548, guid: 5e9b2802f0540c645896635dfa125ac4,
        type: 3}
      propertyPath: m_LocalRotation.z
      value: 0
      objectReference: {fileID: 0}
    - target: {fileID: 4574781225241113548, guid: 5e9b2802f0540c645896635dfa125ac4,
        type: 3}
      propertyPath: m_LocalRotation.w
      value: 1
      objectReference: {fileID: 0}
    - target: {fileID: 4574781225241113548, guid: 5e9b2802f0540c645896635dfa125ac4,
        type: 3}
      propertyPath: m_RootOrder
      value: 1
      objectReference: {fileID: 0}
    - target: {fileID: 4574781225241113548, guid: 5e9b2802f0540c645896635dfa125ac4,
        type: 3}
      propertyPath: m_LocalEulerAnglesHint.x
      value: 0
      objectReference: {fileID: 0}
    - target: {fileID: 4574781225241113548, guid: 5e9b2802f0540c645896635dfa125ac4,
        type: 3}
      propertyPath: m_LocalEulerAnglesHint.y
      value: 0
      objectReference: {fileID: 0}
    - target: {fileID: 4574781225241113548, guid: 5e9b2802f0540c645896635dfa125ac4,
        type: 3}
      propertyPath: m_LocalEulerAnglesHint.z
      value: 0
      objectReference: {fileID: 0}
    - target: {fileID: 4574781225241113551, guid: 5e9b2802f0540c645896635dfa125ac4,
        type: 3}
      propertyPath: m_Name
      value: AuraLuce
      objectReference: {fileID: 0}
    m_RemovedComponents: []
  m_SourcePrefab: {fileID: 100100000, guid: 5e9b2802f0540c645896635dfa125ac4, type: 3}
--- !u!4 &7587419018788687310 stripped
Transform:
  m_CorrespondingSourceObject: {fileID: 4574781225241113548, guid: 5e9b2802f0540c645896635dfa125ac4,
    type: 3}
  m_PrefabInstance: {fileID: 6212449797139217922}
  m_PrefabAsset: {fileID: 0}
--- !u!1001 &7095028077521961505
PrefabInstance:
  m_ObjectHideFlags: 0
  serializedVersion: 2
  m_Modification:
    m_TransformParent: {fileID: 7587419018662001106}
    m_Modifications:
    - target: {fileID: 809934450935192774, guid: 0115d217100fdf649ba113179df8bf6c,
        type: 3}
      propertyPath: m_Name
      value: TorciaTesta
      objectReference: {fileID: 0}
    - target: {fileID: 809934450935192777, guid: 0115d217100fdf649ba113179df8bf6c,
        type: 3}
      propertyPath: m_LocalPosition.x
      value: -0.1
      objectReference: {fileID: 0}
    - target: {fileID: 809934450935192777, guid: 0115d217100fdf649ba113179df8bf6c,
        type: 3}
      propertyPath: m_LocalPosition.y
      value: 0.93
      objectReference: {fileID: 0}
    - target: {fileID: 809934450935192777, guid: 0115d217100fdf649ba113179df8bf6c,
        type: 3}
      propertyPath: m_LocalPosition.z
      value: -0.9
      objectReference: {fileID: 0}
    - target: {fileID: 809934450935192777, guid: 0115d217100fdf649ba113179df8bf6c,
        type: 3}
      propertyPath: m_LocalRotation.x
      value: 0.01911021
      objectReference: {fileID: 0}
    - target: {fileID: 809934450935192777, guid: 0115d217100fdf649ba113179df8bf6c,
        type: 3}
      propertyPath: m_LocalRotation.y
      value: 0
      objectReference: {fileID: 0}
    - target: {fileID: 809934450935192777, guid: 0115d217100fdf649ba113179df8bf6c,
        type: 3}
      propertyPath: m_LocalRotation.z
      value: 0
      objectReference: {fileID: 0}
    - target: {fileID: 809934450935192777, guid: 0115d217100fdf649ba113179df8bf6c,
        type: 3}
      propertyPath: m_LocalRotation.w
      value: 0.99981743
      objectReference: {fileID: 0}
    - target: {fileID: 809934450935192777, guid: 0115d217100fdf649ba113179df8bf6c,
        type: 3}
      propertyPath: m_RootOrder
      value: 0
      objectReference: {fileID: 0}
    - target: {fileID: 809934450935192777, guid: 0115d217100fdf649ba113179df8bf6c,
        type: 3}
      propertyPath: m_LocalEulerAnglesHint.x
      value: 2.19
      objectReference: {fileID: 0}
    - target: {fileID: 809934450935192777, guid: 0115d217100fdf649ba113179df8bf6c,
        type: 3}
      propertyPath: m_LocalEulerAnglesHint.y
      value: 0
      objectReference: {fileID: 0}
    - target: {fileID: 809934450935192777, guid: 0115d217100fdf649ba113179df8bf6c,
        type: 3}
      propertyPath: m_LocalEulerAnglesHint.z
      value: 0
      objectReference: {fileID: 0}
    m_RemovedComponents: []
  m_SourcePrefab: {fileID: 100100000, guid: 0115d217100fdf649ba113179df8bf6c, type: 3}
--- !u!4 &7587419017687162600 stripped
Transform:
  m_CorrespondingSourceObject: {fileID: 809934450935192777, guid: 0115d217100fdf649ba113179df8bf6c,
    type: 3}
  m_PrefabInstance: {fileID: 7095028077521961505}
  m_PrefabAsset: {fileID: 0}
