%YAML 1.1
%TAG !u! tag:unity3d.com,2011:
--- !u!1 &780237120842914214
GameObject:
  m_ObjectHideFlags: 0
  m_CorrespondingSourceObject: {fileID: 0}
  m_PrefabInstance: {fileID: 0}
  m_PrefabAsset: {fileID: 0}
  serializedVersion: 6
  m_Component:
  - component: {fileID: 780237120842914215}
  m_Layer: 0
  m_Name: Fonti di luce
  m_TagString: Untagged
  m_Icon: {fileID: 0}
  m_NavMeshLayer: 0
  m_StaticEditorFlags: 4294967295
  m_IsActive: 1
--- !u!4 &780237120842914215
Transform:
  m_ObjectHideFlags: 0
  m_CorrespondingSourceObject: {fileID: 0}
  m_PrefabInstance: {fileID: 0}
  m_PrefabAsset: {fileID: 0}
  m_GameObject: {fileID: 780237120842914214}
  m_LocalRotation: {x: 0, y: 0, z: 0, w: 1}
  m_LocalPosition: {x: 75.779816, y: -27.406563, z: -32.694386}
  m_LocalScale: {x: 1, y: 1, z: 1}
  m_Children:
  - {fileID: 8057307549380068612}
  - {fileID: 1157354651610384231}
  - {fileID: 1157354650911345527}
  - {fileID: 8057307549321759935}
  - {fileID: 1157354651524534235}
  m_Father: {fileID: 0}
  m_RootOrder: 0
  m_LocalEulerAnglesHint: {x: 0, y: 0, z: 0}
--- !u!1001 &780237120816772636
PrefabInstance:
  m_ObjectHideFlags: 0
  serializedVersion: 2
  m_Modification:
    m_TransformParent: {fileID: 780237120842914215}
    m_Modifications:
    - target: {fileID: 1334659480067076486, guid: def4b18bf080a0541b2b217fdfa8310f,
        type: 3}
      propertyPath: m_LocalPosition.y
      value: 0.117
      objectReference: {fileID: 0}
    - target: {fileID: 1334659480067076486, guid: def4b18bf080a0541b2b217fdfa8310f,
        type: 3}
      propertyPath: m_LocalPosition.z
      value: -0.004
      objectReference: {fileID: 0}
    - target: {fileID: 2490839409459029695, guid: def4b18bf080a0541b2b217fdfa8310f,
        type: 3}
      propertyPath: m_StaticEditorFlags
      value: 4294967295
      objectReference: {fileID: 0}
    - target: {fileID: 2759142057592108394, guid: def4b18bf080a0541b2b217fdfa8310f,
        type: 3}
      propertyPath: m_BoundingSphereOverride.y
      value: 3.0591507
      objectReference: {fileID: 0}
    - target: {fileID: 2759142057592108394, guid: def4b18bf080a0541b2b217fdfa8310f,
        type: 3}
      propertyPath: m_BoundingSphereOverride.z
      value: 7.51e-43
      objectReference: {fileID: 0}
    - target: {fileID: 2759142057592108394, guid: def4b18bf080a0541b2b217fdfa8310f,
        type: 3}
      propertyPath: m_BoundingSphereOverride.w
      value: 0.3974624
      objectReference: {fileID: 0}
    - target: {fileID: 2962343052640481694, guid: def4b18bf080a0541b2b217fdfa8310f,
        type: 3}
      propertyPath: m_StaticEditorFlags
      value: 4294967295
      objectReference: {fileID: 0}
    - target: {fileID: 6006081000619641008, guid: def4b18bf080a0541b2b217fdfa8310f,
        type: 3}
      propertyPath: m_Name
      value: MDL_Lanterna Variant 6
      objectReference: {fileID: 0}
    - target: {fileID: 6006081000619641008, guid: def4b18bf080a0541b2b217fdfa8310f,
        type: 3}
      propertyPath: m_StaticEditorFlags
      value: 4294967295
      objectReference: {fileID: 0}
    - target: {fileID: 6560908371909420135, guid: def4b18bf080a0541b2b217fdfa8310f,
        type: 3}
      propertyPath: m_StaticEditorFlags
      value: 4294967295
      objectReference: {fileID: 0}
    - target: {fileID: 7278585564406676131, guid: def4b18bf080a0541b2b217fdfa8310f,
        type: 3}
      propertyPath: m_LocalPosition.x
      value: 69.17018
      objectReference: {fileID: 0}
    - target: {fileID: 7278585564406676131, guid: def4b18bf080a0541b2b217fdfa8310f,
        type: 3}
      propertyPath: m_LocalPosition.y
      value: 97.74656
      objectReference: {fileID: 0}
    - target: {fileID: 7278585564406676131, guid: def4b18bf080a0541b2b217fdfa8310f,
        type: 3}
      propertyPath: m_LocalPosition.z
      value: 33.944386
      objectReference: {fileID: 0}
    - target: {fileID: 7278585564406676131, guid: def4b18bf080a0541b2b217fdfa8310f,
        type: 3}
      propertyPath: m_LocalRotation.x
      value: -0
      objectReference: {fileID: 0}
    - target: {fileID: 7278585564406676131, guid: def4b18bf080a0541b2b217fdfa8310f,
        type: 3}
      propertyPath: m_LocalRotation.y
      value: -0
      objectReference: {fileID: 0}
    - target: {fileID: 7278585564406676131, guid: def4b18bf080a0541b2b217fdfa8310f,
        type: 3}
      propertyPath: m_LocalRotation.z
      value: -0
      objectReference: {fileID: 0}
    - target: {fileID: 7278585564406676131, guid: def4b18bf080a0541b2b217fdfa8310f,
        type: 3}
      propertyPath: m_LocalRotation.w
      value: 1
      objectReference: {fileID: 0}
    - target: {fileID: 7278585564406676131, guid: def4b18bf080a0541b2b217fdfa8310f,
        type: 3}
      propertyPath: m_RootOrder
      value: 3
      objectReference: {fileID: 0}
    - target: {fileID: 7278585564406676131, guid: def4b18bf080a0541b2b217fdfa8310f,
        type: 3}
      propertyPath: m_LocalEulerAnglesHint.x
      value: 0
      objectReference: {fileID: 0}
    - target: {fileID: 7278585564406676131, guid: def4b18bf080a0541b2b217fdfa8310f,
        type: 3}
      propertyPath: m_LocalEulerAnglesHint.y
      value: 0
      objectReference: {fileID: 0}
    - target: {fileID: 7278585564406676131, guid: def4b18bf080a0541b2b217fdfa8310f,
        type: 3}
      propertyPath: m_LocalEulerAnglesHint.z
      value: 0
      objectReference: {fileID: 0}
    - target: {fileID: 8720424451807518735, guid: def4b18bf080a0541b2b217fdfa8310f,
        type: 3}
      propertyPath: Note
      value: 
      objectReference: {fileID: 11400000, guid: 4663ccf415e74a641af76a17a6b96093,
        type: 2}
    m_RemovedComponents: []
  m_SourcePrefab: {fileID: 100100000, guid: def4b18bf080a0541b2b217fdfa8310f, type: 3}
--- !u!4 &8057307549321759935 stripped
Transform:
  m_CorrespondingSourceObject: {fileID: 7278585564406676131, guid: def4b18bf080a0541b2b217fdfa8310f,
    type: 3}
  m_PrefabInstance: {fileID: 780237120816772636}
  m_PrefabAsset: {fileID: 0}
--- !u!1001 &780237120892682151
PrefabInstance:
  m_ObjectHideFlags: 0
  serializedVersion: 2
  m_Modification:
    m_TransformParent: {fileID: 780237120842914215}
    m_Modifications:
    - target: {fileID: 2490839409459029695, guid: def4b18bf080a0541b2b217fdfa8310f,
        type: 3}
      propertyPath: m_StaticEditorFlags
      value: 4294967295
      objectReference: {fileID: 0}
    - target: {fileID: 2759142057592108394, guid: def4b18bf080a0541b2b217fdfa8310f,
        type: 3}
      propertyPath: m_BoundingSphereOverride.y
      value: -3.7145207e-19
      objectReference: {fileID: 0}
    - target: {fileID: 2759142057592108394, guid: def4b18bf080a0541b2b217fdfa8310f,
        type: 3}
      propertyPath: m_BoundingSphereOverride.z
      value: 7.51e-43
      objectReference: {fileID: 0}
    - target: {fileID: 2962343052640481694, guid: def4b18bf080a0541b2b217fdfa8310f,
        type: 3}
      propertyPath: m_StaticEditorFlags
      value: 4294967295
      objectReference: {fileID: 0}
    - target: {fileID: 6006081000619641008, guid: def4b18bf080a0541b2b217fdfa8310f,
        type: 3}
      propertyPath: m_Name
      value: MDL_Lanterna Variant 4
      objectReference: {fileID: 0}
    - target: {fileID: 6006081000619641008, guid: def4b18bf080a0541b2b217fdfa8310f,
        type: 3}
      propertyPath: m_StaticEditorFlags
      value: 4294967295
      objectReference: {fileID: 0}
    - target: {fileID: 6560908371909420135, guid: def4b18bf080a0541b2b217fdfa8310f,
        type: 3}
      propertyPath: m_StaticEditorFlags
      value: 4294967295
      objectReference: {fileID: 0}
    - target: {fileID: 7278585564406676131, guid: def4b18bf080a0541b2b217fdfa8310f,
        type: 3}
      propertyPath: m_LocalPosition.x
      value: -9.8218155
      objectReference: {fileID: 0}
    - target: {fileID: 7278585564406676131, guid: def4b18bf080a0541b2b217fdfa8310f,
        type: 3}
      propertyPath: m_LocalPosition.y
      value: 92.85356
      objectReference: {fileID: 0}
    - target: {fileID: 7278585564406676131, guid: def4b18bf080a0541b2b217fdfa8310f,
        type: 3}
      propertyPath: m_LocalPosition.z
      value: 33.944386
      objectReference: {fileID: 0}
    - target: {fileID: 7278585564406676131, guid: def4b18bf080a0541b2b217fdfa8310f,
        type: 3}
      propertyPath: m_LocalRotation.x
      value: -0
      objectReference: {fileID: 0}
    - target: {fileID: 7278585564406676131, guid: def4b18bf080a0541b2b217fdfa8310f,
        type: 3}
      propertyPath: m_LocalRotation.y
      value: -0
      objectReference: {fileID: 0}
    - target: {fileID: 7278585564406676131, guid: def4b18bf080a0541b2b217fdfa8310f,
        type: 3}
      propertyPath: m_LocalRotation.z
      value: -0
      objectReference: {fileID: 0}
    - target: {fileID: 7278585564406676131, guid: def4b18bf080a0541b2b217fdfa8310f,
        type: 3}
      propertyPath: m_LocalRotation.w
      value: 1
      objectReference: {fileID: 0}
    - target: {fileID: 7278585564406676131, guid: def4b18bf080a0541b2b217fdfa8310f,
        type: 3}
      propertyPath: m_RootOrder
      value: 0
      objectReference: {fileID: 0}
    - target: {fileID: 7278585564406676131, guid: def4b18bf080a0541b2b217fdfa8310f,
        type: 3}
      propertyPath: m_LocalEulerAnglesHint.x
      value: 0
      objectReference: {fileID: 0}
    - target: {fileID: 7278585564406676131, guid: def4b18bf080a0541b2b217fdfa8310f,
        type: 3}
      propertyPath: m_LocalEulerAnglesHint.y
      value: 0
      objectReference: {fileID: 0}
    - target: {fileID: 7278585564406676131, guid: def4b18bf080a0541b2b217fdfa8310f,
        type: 3}
      propertyPath: m_LocalEulerAnglesHint.z
      value: 0
      objectReference: {fileID: 0}
    - target: {fileID: 8720424451807518735, guid: def4b18bf080a0541b2b217fdfa8310f,
        type: 3}
      propertyPath: Note
      value: 
      objectReference: {fileID: 11400000, guid: e342dbf80a3c2c648b18ba1b2176e990,
        type: 2}
    m_RemovedComponents: []
  m_SourcePrefab: {fileID: 100100000, guid: def4b18bf080a0541b2b217fdfa8310f, type: 3}
--- !u!4 &8057307549380068612 stripped
Transform:
  m_CorrespondingSourceObject: {fileID: 7278585564406676131, guid: def4b18bf080a0541b2b217fdfa8310f,
    type: 3}
  m_PrefabInstance: {fileID: 780237120892682151}
  m_PrefabAsset: {fileID: 0}
--- !u!1001 &780237121054349860
PrefabInstance:
  m_ObjectHideFlags: 0
  serializedVersion: 2
  m_Modification:
    m_TransformParent: {fileID: 780237120842914215}
    m_Modifications:
    - target: {fileID: 56769435928631544, guid: 21137c937b8970840a16ba9aaad93f62,
        type: 3}
      propertyPath: m_LocalPosition.z
      value: -0.095
      objectReference: {fileID: 0}
    - target: {fileID: 1635480946106052125, guid: 21137c937b8970840a16ba9aaad93f62,
        type: 3}
      propertyPath: m_StaticEditorFlags
      value: 4294967295
      objectReference: {fileID: 0}
    - target: {fileID: 1935503764755779923, guid: 21137c937b8970840a16ba9aaad93f62,
        type: 3}
      propertyPath: m_LocalPosition.x
      value: -48.849815
      objectReference: {fileID: 0}
    - target: {fileID: 1935503764755779923, guid: 21137c937b8970840a16ba9aaad93f62,
        type: 3}
      propertyPath: m_LocalPosition.y
      value: 135.05656
      objectReference: {fileID: 0}
    - target: {fileID: 1935503764755779923, guid: 21137c937b8970840a16ba9aaad93f62,
        type: 3}
      propertyPath: m_LocalPosition.z
      value: 33.944386
      objectReference: {fileID: 0}
    - target: {fileID: 1935503764755779923, guid: 21137c937b8970840a16ba9aaad93f62,
        type: 3}
      propertyPath: m_LocalRotation.x
      value: -0
      objectReference: {fileID: 0}
    - target: {fileID: 1935503764755779923, guid: 21137c937b8970840a16ba9aaad93f62,
        type: 3}
      propertyPath: m_LocalRotation.y
      value: -0
      objectReference: {fileID: 0}
    - target: {fileID: 1935503764755779923, guid: 21137c937b8970840a16ba9aaad93f62,
        type: 3}
      propertyPath: m_LocalRotation.z
      value: -0
      objectReference: {fileID: 0}
    - target: {fileID: 1935503764755779923, guid: 21137c937b8970840a16ba9aaad93f62,
        type: 3}
      propertyPath: m_LocalRotation.w
      value: 1
      objectReference: {fileID: 0}
    - target: {fileID: 1935503764755779923, guid: 21137c937b8970840a16ba9aaad93f62,
        type: 3}
      propertyPath: m_RootOrder
      value: 2
      objectReference: {fileID: 0}
    - target: {fileID: 1935503764755779923, guid: 21137c937b8970840a16ba9aaad93f62,
        type: 3}
      propertyPath: m_LocalEulerAnglesHint.x
      value: 0
      objectReference: {fileID: 0}
    - target: {fileID: 1935503764755779923, guid: 21137c937b8970840a16ba9aaad93f62,
        type: 3}
      propertyPath: m_LocalEulerAnglesHint.y
      value: 0
      objectReference: {fileID: 0}
    - target: {fileID: 1935503764755779923, guid: 21137c937b8970840a16ba9aaad93f62,
        type: 3}
      propertyPath: m_LocalEulerAnglesHint.z
      value: 0
      objectReference: {fileID: 0}
    - target: {fileID: 3208554922134332224, guid: 21137c937b8970840a16ba9aaad93f62,
        type: 3}
      propertyPath: m_Name
      value: MDL_Fiaccola Variant 5
      objectReference: {fileID: 0}
    - target: {fileID: 3208554922134332224, guid: 21137c937b8970840a16ba9aaad93f62,
        type: 3}
      propertyPath: m_StaticEditorFlags
      value: 4294967295
      objectReference: {fileID: 0}
    - target: {fileID: 3748814773660113940, guid: 21137c937b8970840a16ba9aaad93f62,
        type: 3}
      propertyPath: m_Color.r
      value: 0.4811321
      objectReference: {fileID: 0}
    - target: {fileID: 3748814773660113940, guid: 21137c937b8970840a16ba9aaad93f62,
        type: 3}
      propertyPath: m_Color.g
      value: 0.3853192
      objectReference: {fileID: 0}
    - target: {fileID: 3748814773660113940, guid: 21137c937b8970840a16ba9aaad93f62,
        type: 3}
      propertyPath: m_Color.b
      value: 0.11574403
      objectReference: {fileID: 0}
    - target: {fileID: 3748814773660113940, guid: 21137c937b8970840a16ba9aaad93f62,
        type: 3}
      propertyPath: m_Intensity
      value: 5
      objectReference: {fileID: 0}
    - target: {fileID: 3748814773660113940, guid: 21137c937b8970840a16ba9aaad93f62,
        type: 3}
      propertyPath: m_Range
      value: 10
      objectReference: {fileID: 0}
    - target: {fileID: 3748814773660113940, guid: 21137c937b8970840a16ba9aaad93f62,
        type: 3}
      propertyPath: m_Shadows.m_Type
      value: 2
      objectReference: {fileID: 0}
    - target: {fileID: 3748814773660113940, guid: 21137c937b8970840a16ba9aaad93f62,
        type: 3}
      propertyPath: m_Lightmapping
      value: 1
      objectReference: {fileID: 0}
    - target: {fileID: 3748814773660113940, guid: 21137c937b8970840a16ba9aaad93f62,
        type: 3}
      propertyPath: m_BoundingSphereOverride.x
      value: 2.7018275e+32
      objectReference: {fileID: 0}
    - target: {fileID: 3748814773660113940, guid: 21137c937b8970840a16ba9aaad93f62,
        type: 3}
      propertyPath: m_BoundingSphereOverride.y
      value: -56146.2
      objectReference: {fileID: 0}
    - target: {fileID: 3748814773660113940, guid: 21137c937b8970840a16ba9aaad93f62,
        type: 3}
      propertyPath: m_BoundingSphereOverride.z
      value: -103153.36
      objectReference: {fileID: 0}
    - target: {fileID: 3748814773660113940, guid: 21137c937b8970840a16ba9aaad93f62,
        type: 3}
      propertyPath: m_BoundingSphereOverride.w
      value: -1.7229883e-17
      objectReference: {fileID: 0}
    - target: {fileID: 5278501744390524185, guid: 21137c937b8970840a16ba9aaad93f62,
        type: 3}
      propertyPath: m_StaticEditorFlags
      value: 4294967295
      objectReference: {fileID: 0}
    - target: {fileID: 7730760742290278769, guid: 21137c937b8970840a16ba9aaad93f62,
        type: 3}
      propertyPath: Note
      value: 
      objectReference: {fileID: 11400000, guid: 5069338642ddfb040abbaed31b65ac0a,
        type: 2}
    m_RemovedComponents: []
  m_SourcePrefab: {fileID: 100100000, guid: 21137c937b8970840a16ba9aaad93f62, type: 3}
--- !u!4 &1157354650911345527 stripped
Transform:
  m_CorrespondingSourceObject: {fileID: 1935503764755779923, guid: 21137c937b8970840a16ba9aaad93f62,
    type: 3}
  m_PrefabInstance: {fileID: 780237121054349860}
  m_PrefabAsset: {fileID: 0}
--- !u!1001 &780237121254792840
PrefabInstance:
  m_ObjectHideFlags: 0
  serializedVersion: 2
  m_Modification:
    m_TransformParent: {fileID: 780237120842914215}
    m_Modifications:
    - target: {fileID: 56769435928631544, guid: 21137c937b8970840a16ba9aaad93f62,
        type: 3}
      propertyPath: m_LocalPosition.x
      value: 0
      objectReference: {fileID: 0}
    - target: {fileID: 56769435928631544, guid: 21137c937b8970840a16ba9aaad93f62,
        type: 3}
      propertyPath: m_LocalPosition.z
      value: -0.091
      objectReference: {fileID: 0}
    - target: {fileID: 1635480946106052125, guid: 21137c937b8970840a16ba9aaad93f62,
        type: 3}
      propertyPath: m_StaticEditorFlags
      value: 4294967295
      objectReference: {fileID: 0}
    - target: {fileID: 1935503764755779923, guid: 21137c937b8970840a16ba9aaad93f62,
        type: 3}
      propertyPath: m_LocalPosition.x
      value: -13.897
      objectReference: {fileID: 0}
    - target: {fileID: 1935503764755779923, guid: 21137c937b8970840a16ba9aaad93f62,
        type: 3}
      propertyPath: m_LocalPosition.y
      value: -4.895
      objectReference: {fileID: 0}
    - target: {fileID: 1935503764755779923, guid: 21137c937b8970840a16ba9aaad93f62,
        type: 3}
      propertyPath: m_LocalPosition.z
      value: 33.122
      objectReference: {fileID: 0}
    - target: {fileID: 1935503764755779923, guid: 21137c937b8970840a16ba9aaad93f62,
        type: 3}
      propertyPath: m_LocalRotation.x
      value: 0.29056785
      objectReference: {fileID: 0}
    - target: {fileID: 1935503764755779923, guid: 21137c937b8970840a16ba9aaad93f62,
        type: 3}
      propertyPath: m_LocalRotation.y
      value: 0.058931652
      objectReference: {fileID: 0}
    - target: {fileID: 1935503764755779923, guid: 21137c937b8970840a16ba9aaad93f62,
        type: 3}
      propertyPath: m_LocalRotation.z
      value: -0.19579595
      objectReference: {fileID: 0}
    - target: {fileID: 1935503764755779923, guid: 21137c937b8970840a16ba9aaad93f62,
        type: 3}
      propertyPath: m_LocalRotation.w
      value: 0.9347521
      objectReference: {fileID: 0}
    - target: {fileID: 1935503764755779923, guid: 21137c937b8970840a16ba9aaad93f62,
        type: 3}
      propertyPath: m_RootOrder
      value: 4
      objectReference: {fileID: 0}
    - target: {fileID: 1935503764755779923, guid: 21137c937b8970840a16ba9aaad93f62,
        type: 3}
      propertyPath: m_LocalEulerAnglesHint.x
      value: 34.492
      objectReference: {fileID: 0}
    - target: {fileID: 1935503764755779923, guid: 21137c937b8970840a16ba9aaad93f62,
        type: 3}
      propertyPath: m_LocalEulerAnglesHint.y
      value: -0.25100002
      objectReference: {fileID: 0}
    - target: {fileID: 1935503764755779923, guid: 21137c937b8970840a16ba9aaad93f62,
        type: 3}
      propertyPath: m_LocalEulerAnglesHint.z
      value: -23.739
      objectReference: {fileID: 0}
    - target: {fileID: 3208554922134332224, guid: 21137c937b8970840a16ba9aaad93f62,
        type: 3}
      propertyPath: m_Name
      value: MDL_Fiaccola Variant 9
      objectReference: {fileID: 0}
    - target: {fileID: 3208554922134332224, guid: 21137c937b8970840a16ba9aaad93f62,
        type: 3}
      propertyPath: m_StaticEditorFlags
      value: 4294967295
      objectReference: {fileID: 0}
    - target: {fileID: 3748814773660113940, guid: 21137c937b8970840a16ba9aaad93f62,
        type: 3}
      propertyPath: m_Color.r
      value: 0.4811321
      objectReference: {fileID: 0}
    - target: {fileID: 3748814773660113940, guid: 21137c937b8970840a16ba9aaad93f62,
        type: 3}
      propertyPath: m_Color.g
      value: 0.3853192
      objectReference: {fileID: 0}
    - target: {fileID: 3748814773660113940, guid: 21137c937b8970840a16ba9aaad93f62,
        type: 3}
      propertyPath: m_Color.b
      value: 0.11574403
      objectReference: {fileID: 0}
    - target: {fileID: 3748814773660113940, guid: 21137c937b8970840a16ba9aaad93f62,
        type: 3}
      propertyPath: m_Intensity
      value: 5
      objectReference: {fileID: 0}
    - target: {fileID: 3748814773660113940, guid: 21137c937b8970840a16ba9aaad93f62,
        type: 3}
      propertyPath: m_Range
      value: 10
      objectReference: {fileID: 0}
    - target: {fileID: 3748814773660113940, guid: 21137c937b8970840a16ba9aaad93f62,
        type: 3}
      propertyPath: m_Shadows.m_Type
      value: 2
      objectReference: {fileID: 0}
    - target: {fileID: 3748814773660113940, guid: 21137c937b8970840a16ba9aaad93f62,
        type: 3}
      propertyPath: m_Lightmapping
      value: 1
      objectReference: {fileID: 0}
    - target: {fileID: 3748814773660113940, guid: 21137c937b8970840a16ba9aaad93f62,
        type: 3}
      propertyPath: m_BoundingSphereOverride.y
      value: 3.0591507
      objectReference: {fileID: 0}
    - target: {fileID: 3748814773660113940, guid: 21137c937b8970840a16ba9aaad93f62,
        type: 3}
      propertyPath: m_BoundingSphereOverride.z
      value: 7.51e-43
      objectReference: {fileID: 0}
    - target: {fileID: 3748814773660113940, guid: 21137c937b8970840a16ba9aaad93f62,
        type: 3}
      propertyPath: m_BoundingSphereOverride.w
      value: 0.3974624
      objectReference: {fileID: 0}
    - target: {fileID: 5278501744390524185, guid: 21137c937b8970840a16ba9aaad93f62,
        type: 3}
      propertyPath: m_StaticEditorFlags
      value: 4294967295
      objectReference: {fileID: 0}
    - target: {fileID: 7730760742290278769, guid: 21137c937b8970840a16ba9aaad93f62,
        type: 3}
      propertyPath: Note
      value: 
      objectReference: {fileID: 11400000, guid: d31f186d6ed19f048affb5eda347905a,
        type: 2}
    m_RemovedComponents: []
  m_SourcePrefab: {fileID: 100100000, guid: 21137c937b8970840a16ba9aaad93f62, type: 3}
--- !u!4 &1157354651524534235 stripped
Transform:
  m_CorrespondingSourceObject: {fileID: 1935503764755779923, guid: 21137c937b8970840a16ba9aaad93f62,
    type: 3}
  m_PrefabInstance: {fileID: 780237121254792840}
  m_PrefabAsset: {fileID: 0}
--- !u!1001 &780237121436849716
PrefabInstance:
  m_ObjectHideFlags: 0
  serializedVersion: 2
  m_Modification:
    m_TransformParent: {fileID: 780237120842914215}
    m_Modifications:
    - target: {fileID: 56769435928631544, guid: 21137c937b8970840a16ba9aaad93f62,
        type: 3}
      propertyPath: m_LocalPosition.z
      value: -0.074
      objectReference: {fileID: 0}
    - target: {fileID: 1635480946106052125, guid: 21137c937b8970840a16ba9aaad93f62,
        type: 3}
      propertyPath: m_StaticEditorFlags
      value: 4294967295
      objectReference: {fileID: 0}
    - target: {fileID: 1935503764755779923, guid: 21137c937b8970840a16ba9aaad93f62,
        type: 3}
      propertyPath: m_LocalPosition.x
      value: -28.779999
      objectReference: {fileID: 0}
    - target: {fileID: 1935503764755779923, guid: 21137c937b8970840a16ba9aaad93f62,
        type: 3}
      propertyPath: m_LocalPosition.y
      value: 57.156563
      objectReference: {fileID: 0}
    - target: {fileID: 1935503764755779923, guid: 21137c937b8970840a16ba9aaad93f62,
        type: 3}
      propertyPath: m_LocalPosition.z
      value: 33.44
      objectReference: {fileID: 0}
    - target: {fileID: 1935503764755779923, guid: 21137c937b8970840a16ba9aaad93f62,
        type: 3}
      propertyPath: m_LocalRotation.x
      value: -0
      objectReference: {fileID: 0}
    - target: {fileID: 1935503764755779923, guid: 21137c937b8970840a16ba9aaad93f62,
        type: 3}
      propertyPath: m_LocalRotation.y
      value: -0
      objectReference: {fileID: 0}
    - target: {fileID: 1935503764755779923, guid: 21137c937b8970840a16ba9aaad93f62,
        type: 3}
      propertyPath: m_LocalRotation.z
      value: -0
      objectReference: {fileID: 0}
    - target: {fileID: 1935503764755779923, guid: 21137c937b8970840a16ba9aaad93f62,
        type: 3}
      propertyPath: m_LocalRotation.w
      value: 1
      objectReference: {fileID: 0}
    - target: {fileID: 1935503764755779923, guid: 21137c937b8970840a16ba9aaad93f62,
        type: 3}
      propertyPath: m_RootOrder
      value: 1
      objectReference: {fileID: 0}
    - target: {fileID: 1935503764755779923, guid: 21137c937b8970840a16ba9aaad93f62,
        type: 3}
      propertyPath: m_LocalEulerAnglesHint.x
      value: 0
      objectReference: {fileID: 0}
    - target: {fileID: 1935503764755779923, guid: 21137c937b8970840a16ba9aaad93f62,
        type: 3}
      propertyPath: m_LocalEulerAnglesHint.y
      value: 0
      objectReference: {fileID: 0}
    - target: {fileID: 1935503764755779923, guid: 21137c937b8970840a16ba9aaad93f62,
        type: 3}
      propertyPath: m_LocalEulerAnglesHint.z
      value: 0
      objectReference: {fileID: 0}
    - target: {fileID: 3208554922134332224, guid: 21137c937b8970840a16ba9aaad93f62,
        type: 3}
      propertyPath: m_Name
      value: MDL_Fiaccola Variant 2
      objectReference: {fileID: 0}
    - target: {fileID: 3208554922134332224, guid: 21137c937b8970840a16ba9aaad93f62,
        type: 3}
      propertyPath: m_StaticEditorFlags
      value: 4294967295
      objectReference: {fileID: 0}
    - target: {fileID: 3748814773660113940, guid: 21137c937b8970840a16ba9aaad93f62,
        type: 3}
      propertyPath: m_Color.r
      value: 0.4811321
      objectReference: {fileID: 0}
    - target: {fileID: 3748814773660113940, guid: 21137c937b8970840a16ba9aaad93f62,
        type: 3}
      propertyPath: m_Color.g
      value: 0.3853192
      objectReference: {fileID: 0}
    - target: {fileID: 3748814773660113940, guid: 21137c937b8970840a16ba9aaad93f62,
        type: 3}
      propertyPath: m_Color.b
      value: 0.11574403
      objectReference: {fileID: 0}
    - target: {fileID: 3748814773660113940, guid: 21137c937b8970840a16ba9aaad93f62,
        type: 3}
      propertyPath: m_Intensity
      value: 5
      objectReference: {fileID: 0}
    - target: {fileID: 3748814773660113940, guid: 21137c937b8970840a16ba9aaad93f62,
        type: 3}
      propertyPath: m_Range
      value: 10
      objectReference: {fileID: 0}
    - target: {fileID: 3748814773660113940, guid: 21137c937b8970840a16ba9aaad93f62,
        type: 3}
      propertyPath: m_Shadows.m_Type
      value: 2
      objectReference: {fileID: 0}
    - target: {fileID: 3748814773660113940, guid: 21137c937b8970840a16ba9aaad93f62,
        type: 3}
      propertyPath: m_Lightmapping
      value: 1
      objectReference: {fileID: 0}
    - target: {fileID: 3748814773660113940, guid: 21137c937b8970840a16ba9aaad93f62,
        type: 3}
      propertyPath: m_BoundingSphereOverride.x
      value: 2.7018275e+32
      objectReference: {fileID: 0}
    - target: {fileID: 3748814773660113940, guid: 21137c937b8970840a16ba9aaad93f62,
        type: 3}
      propertyPath: m_BoundingSphereOverride.y
      value: -56146.2
      objectReference: {fileID: 0}
    - target: {fileID: 3748814773660113940, guid: 21137c937b8970840a16ba9aaad93f62,
        type: 3}
      propertyPath: m_BoundingSphereOverride.z
      value: -103153.36
      objectReference: {fileID: 0}
    - target: {fileID: 3748814773660113940, guid: 21137c937b8970840a16ba9aaad93f62,
        type: 3}
      propertyPath: m_BoundingSphereOverride.w
      value: -1.7229883e-17
      objectReference: {fileID: 0}
    - target: {fileID: 5278501744390524185, guid: 21137c937b8970840a16ba9aaad93f62,
        type: 3}
      propertyPath: m_StaticEditorFlags
      value: 4294967295
      objectReference: {fileID: 0}
    - target: {fileID: 7730760742290278769, guid: 21137c937b8970840a16ba9aaad93f62,
        type: 3}
      propertyPath: Note
      value: 
      objectReference: {fileID: 11400000, guid: 5c58f806503d995488a5d46b1f0c140c,
        type: 2}
    m_RemovedComponents: []
  m_SourcePrefab: {fileID: 100100000, guid: 21137c937b8970840a16ba9aaad93f62, type: 3}
--- !u!4 &1157354651610384231 stripped
Transform:
  m_CorrespondingSourceObject: {fileID: 1935503764755779923, guid: 21137c937b8970840a16ba9aaad93f62,
    type: 3}
  m_PrefabInstance: {fileID: 780237121436849716}
  m_PrefabAsset: {fileID: 0}
