%YAML 1.1
%TAG !u! tag:unity3d.com,2011:
--- !u!1 &8578344636215986161
GameObject:
  m_ObjectHideFlags: 0
  m_CorrespondingSourceObject: {fileID: 0}
  m_PrefabInstance: {fileID: 0}
  m_PrefabAsset: {fileID: 0}
  serializedVersion: 6
  m_Component:
  - component: {fileID: 8578344636215986174}
  m_Layer: 0
  m_Name: Barili e casse mappe
  m_TagString: Untagged
  m_Icon: {fileID: 0}
  m_NavMeshLayer: 0
  m_StaticEditorFlags: 0
  m_IsActive: 1
--- !u!4 &8578344636215986174
Transform:
  m_ObjectHideFlags: 0
  m_CorrespondingSourceObject: {fileID: 0}
  m_PrefabInstance: {fileID: 0}
  m_PrefabAsset: {fileID: 0}
  m_GameObject: {fileID: 8578344636215986161}
  m_LocalRotation: {x: 0, y: 0, z: 0, w: 1}
  m_LocalPosition: {x: 10.574594, y: 5.3414936, z: -783.9866}
  m_LocalScale: {x: 1, y: 1, z: 1}
  m_Children:
  - {fileID: 7973428287587601674}
  - {fileID: 7973428286728002709}
  - {fileID: 5192600047740762440}
  - {fileID: 7973428286561034113}
  - {fileID: 5192600046257789624}
  - {fileID: 5192600047373715170}
  - {fileID: 7973428288015133842}
  - {fileID: 7973428286225171169}
  - {fileID: 5192600046667739836}
  - {fileID: 7973428286491546029}
  - {fileID: 5192600047252423542}
  - {fileID: 5192600046681235329}
  - {fileID: 7973428287797379576}
  m_Father: {fileID: 0}
  m_RootOrder: 0
  m_LocalEulerAnglesHint: {x: 0, y: 0, z: 0}
--- !u!1001 &8578344635898160123
PrefabInstance:
  m_ObjectHideFlags: 0
  serializedVersion: 2
  m_Modification:
    m_TransformParent: {fileID: 8578344636215986174}
    m_Modifications:
    - target: {fileID: 1849616288873619738, guid: 11e54589742a0814e81a45779ad354d1,
        type: 3}
      propertyPath: m_LocalPosition.x
      value: 62.2
      objectReference: {fileID: 0}
    - target: {fileID: 1849616288873619738, guid: 11e54589742a0814e81a45779ad354d1,
        type: 3}
      propertyPath: m_LocalPosition.y
      value: 72.69
      objectReference: {fileID: 0}
    - target: {fileID: 1849616288873619738, guid: 11e54589742a0814e81a45779ad354d1,
        type: 3}
      propertyPath: m_LocalPosition.z
      value: 784.9386
      objectReference: {fileID: 0}
    - target: {fileID: 1849616288873619738, guid: 11e54589742a0814e81a45779ad354d1,
        type: 3}
      propertyPath: m_LocalRotation.x
      value: -0
      objectReference: {fileID: 0}
    - target: {fileID: 1849616288873619738, guid: 11e54589742a0814e81a45779ad354d1,
        type: 3}
      propertyPath: m_LocalRotation.y
      value: 0.7939742
      objectReference: {fileID: 0}
    - target: {fileID: 1849616288873619738, guid: 11e54589742a0814e81a45779ad354d1,
        type: 3}
      propertyPath: m_LocalRotation.z
      value: -0
      objectReference: {fileID: 0}
    - target: {fileID: 1849616288873619738, guid: 11e54589742a0814e81a45779ad354d1,
        type: 3}
      propertyPath: m_LocalRotation.w
      value: 0.60795146
      objectReference: {fileID: 0}
    - target: {fileID: 1849616288873619738, guid: 11e54589742a0814e81a45779ad354d1,
        type: 3}
      propertyPath: m_RootOrder
      value: 7
      objectReference: {fileID: 0}
    - target: {fileID: 1849616288873619738, guid: 11e54589742a0814e81a45779ad354d1,
        type: 3}
      propertyPath: m_LocalEulerAnglesHint.x
      value: 0
      objectReference: {fileID: 0}
    - target: {fileID: 1849616288873619738, guid: 11e54589742a0814e81a45779ad354d1,
        type: 3}
      propertyPath: m_LocalEulerAnglesHint.y
      value: 105.117004
      objectReference: {fileID: 0}
    - target: {fileID: 1849616288873619738, guid: 11e54589742a0814e81a45779ad354d1,
        type: 3}
      propertyPath: m_LocalEulerAnglesHint.z
      value: 0
      objectReference: {fileID: 0}
    - target: {fileID: 1849616288873619738, guid: 11e54589742a0814e81a45779ad354d1,
        type: 3}
      propertyPath: m_LocalScale.x
      value: 2
      objectReference: {fileID: 0}
    - target: {fileID: 1849616288873619738, guid: 11e54589742a0814e81a45779ad354d1,
        type: 3}
      propertyPath: m_LocalScale.y
      value: 2
      objectReference: {fileID: 0}
    - target: {fileID: 1849616288873619738, guid: 11e54589742a0814e81a45779ad354d1,
        type: 3}
      propertyPath: m_LocalScale.z
      value: 2
      objectReference: {fileID: 0}
    - target: {fileID: 3454386189304353545, guid: 11e54589742a0814e81a45779ad354d1,
        type: 3}
      propertyPath: m_Name
      value: MDL_Barile mappa 8
      objectReference: {fileID: 0}
    - target: {fileID: 9051228279362205883, guid: 11e54589742a0814e81a45779ad354d1,
        type: 3}
      propertyPath: Audio
      value: 
      objectReference: {fileID: 0}
    - target: {fileID: 9051228279362205883, guid: 11e54589742a0814e81a45779ad354d1,
        type: 3}
      propertyPath: Mappa
      value: 
      objectReference: {fileID: 11400000, guid: 0dcfb71ff7ba99d4eade71ab873a36fb,
        type: 2}
    m_RemovedComponents: []
  m_SourcePrefab: {fileID: 100100000, guid: 11e54589742a0814e81a45779ad354d1, type: 3}
--- !u!4 &7973428286225171169 stripped
Transform:
  m_CorrespondingSourceObject: {fileID: 1849616288873619738, guid: 11e54589742a0814e81a45779ad354d1,
    type: 3}
  m_PrefabInstance: {fileID: 8578344635898160123}
  m_PrefabAsset: {fileID: 0}
--- !u!1001 &8578344636099280539
PrefabInstance:
  m_ObjectHideFlags: 0
  serializedVersion: 2
  m_Modification:
    m_TransformParent: {fileID: 8578344636215986174}
    m_Modifications:
    - target: {fileID: 1849616288873619738, guid: 11e54589742a0814e81a45779ad354d1,
        type: 3}
      propertyPath: m_LocalPosition.x
      value: 58.27
      objectReference: {fileID: 0}
    - target: {fileID: 1849616288873619738, guid: 11e54589742a0814e81a45779ad354d1,
        type: 3}
      propertyPath: m_LocalPosition.y
      value: 39.85
      objectReference: {fileID: 0}
    - target: {fileID: 1849616288873619738, guid: 11e54589742a0814e81a45779ad354d1,
        type: 3}
      propertyPath: m_LocalPosition.z
      value: 784.9386
      objectReference: {fileID: 0}
    - target: {fileID: 1849616288873619738, guid: 11e54589742a0814e81a45779ad354d1,
        type: 3}
      propertyPath: m_LocalRotation.x
      value: -0
      objectReference: {fileID: 0}
    - target: {fileID: 1849616288873619738, guid: 11e54589742a0814e81a45779ad354d1,
        type: 3}
      propertyPath: m_LocalRotation.y
      value: 0.7939742
      objectReference: {fileID: 0}
    - target: {fileID: 1849616288873619738, guid: 11e54589742a0814e81a45779ad354d1,
        type: 3}
      propertyPath: m_LocalRotation.z
      value: -0
      objectReference: {fileID: 0}
    - target: {fileID: 1849616288873619738, guid: 11e54589742a0814e81a45779ad354d1,
        type: 3}
      propertyPath: m_LocalRotation.w
      value: 0.60795146
      objectReference: {fileID: 0}
    - target: {fileID: 1849616288873619738, guid: 11e54589742a0814e81a45779ad354d1,
        type: 3}
      propertyPath: m_RootOrder
      value: 3
      objectReference: {fileID: 0}
    - target: {fileID: 1849616288873619738, guid: 11e54589742a0814e81a45779ad354d1,
        type: 3}
      propertyPath: m_LocalEulerAnglesHint.x
      value: 0
      objectReference: {fileID: 0}
    - target: {fileID: 1849616288873619738, guid: 11e54589742a0814e81a45779ad354d1,
        type: 3}
      propertyPath: m_LocalEulerAnglesHint.y
      value: 105.117004
      objectReference: {fileID: 0}
    - target: {fileID: 1849616288873619738, guid: 11e54589742a0814e81a45779ad354d1,
        type: 3}
      propertyPath: m_LocalEulerAnglesHint.z
      value: 0
      objectReference: {fileID: 0}
    - target: {fileID: 1849616288873619738, guid: 11e54589742a0814e81a45779ad354d1,
        type: 3}
      propertyPath: m_LocalScale.x
      value: 2
      objectReference: {fileID: 0}
    - target: {fileID: 1849616288873619738, guid: 11e54589742a0814e81a45779ad354d1,
        type: 3}
      propertyPath: m_LocalScale.y
      value: 2
      objectReference: {fileID: 0}
    - target: {fileID: 1849616288873619738, guid: 11e54589742a0814e81a45779ad354d1,
        type: 3}
      propertyPath: m_LocalScale.z
      value: 2
      objectReference: {fileID: 0}
    - target: {fileID: 3454386189304353545, guid: 11e54589742a0814e81a45779ad354d1,
        type: 3}
      propertyPath: m_Name
      value: MDL_Barile mappa 4
      objectReference: {fileID: 0}
    - target: {fileID: 9051228279362205883, guid: 11e54589742a0814e81a45779ad354d1,
        type: 3}
      propertyPath: Audio
      value: 
      objectReference: {fileID: 0}
    - target: {fileID: 9051228279362205883, guid: 11e54589742a0814e81a45779ad354d1,
        type: 3}
      propertyPath: Mappa
      value: 
      objectReference: {fileID: 11400000, guid: f8ba2cb6f961b804f902aaa6afd9d039,
        type: 2}
    m_RemovedComponents: []
  m_SourcePrefab: {fileID: 100100000, guid: 11e54589742a0814e81a45779ad354d1, type: 3}
--- !u!4 &7973428286561034113 stripped
Transform:
  m_CorrespondingSourceObject: {fileID: 1849616288873619738, guid: 11e54589742a0814e81a45779ad354d1,
    type: 3}
  m_PrefabInstance: {fileID: 8578344636099280539}
  m_PrefabAsset: {fileID: 0}
--- !u!1001 &8578344636164599991
PrefabInstance:
  m_ObjectHideFlags: 0
  serializedVersion: 2
  m_Modification:
    m_TransformParent: {fileID: 8578344636215986174}
    m_Modifications:
    - target: {fileID: 1849616288873619738, guid: 11e54589742a0814e81a45779ad354d1,
        type: 3}
      propertyPath: m_LocalPosition.x
      value: 76.32
      objectReference: {fileID: 0}
    - target: {fileID: 1849616288873619738, guid: 11e54589742a0814e81a45779ad354d1,
        type: 3}
      propertyPath: m_LocalPosition.y
      value: -45.3
      objectReference: {fileID: 0}
    - target: {fileID: 1849616288873619738, guid: 11e54589742a0814e81a45779ad354d1,
        type: 3}
      propertyPath: m_LocalPosition.z
      value: 784.9386
      objectReference: {fileID: 0}
    - target: {fileID: 1849616288873619738, guid: 11e54589742a0814e81a45779ad354d1,
        type: 3}
      propertyPath: m_LocalRotation.x
      value: -0
      objectReference: {fileID: 0}
    - target: {fileID: 1849616288873619738, guid: 11e54589742a0814e81a45779ad354d1,
        type: 3}
      propertyPath: m_LocalRotation.y
      value: 0.7939742
      objectReference: {fileID: 0}
    - target: {fileID: 1849616288873619738, guid: 11e54589742a0814e81a45779ad354d1,
        type: 3}
      propertyPath: m_LocalRotation.z
      value: -0
      objectReference: {fileID: 0}
    - target: {fileID: 1849616288873619738, guid: 11e54589742a0814e81a45779ad354d1,
        type: 3}
      propertyPath: m_LocalRotation.w
      value: 0.60795146
      objectReference: {fileID: 0}
    - target: {fileID: 1849616288873619738, guid: 11e54589742a0814e81a45779ad354d1,
        type: 3}
      propertyPath: m_RootOrder
      value: 9
      objectReference: {fileID: 0}
    - target: {fileID: 1849616288873619738, guid: 11e54589742a0814e81a45779ad354d1,
        type: 3}
      propertyPath: m_LocalEulerAnglesHint.x
      value: 0
      objectReference: {fileID: 0}
    - target: {fileID: 1849616288873619738, guid: 11e54589742a0814e81a45779ad354d1,
        type: 3}
      propertyPath: m_LocalEulerAnglesHint.y
      value: 105.117004
      objectReference: {fileID: 0}
    - target: {fileID: 1849616288873619738, guid: 11e54589742a0814e81a45779ad354d1,
        type: 3}
      propertyPath: m_LocalEulerAnglesHint.z
      value: 0
      objectReference: {fileID: 0}
    - target: {fileID: 1849616288873619738, guid: 11e54589742a0814e81a45779ad354d1,
        type: 3}
      propertyPath: m_LocalScale.x
      value: 2
      objectReference: {fileID: 0}
    - target: {fileID: 1849616288873619738, guid: 11e54589742a0814e81a45779ad354d1,
        type: 3}
      propertyPath: m_LocalScale.y
      value: 2
      objectReference: {fileID: 0}
    - target: {fileID: 1849616288873619738, guid: 11e54589742a0814e81a45779ad354d1,
        type: 3}
      propertyPath: m_LocalScale.z
      value: 2
      objectReference: {fileID: 0}
    - target: {fileID: 3454386189304353545, guid: 11e54589742a0814e81a45779ad354d1,
        type: 3}
      propertyPath: m_Name
      value: MDL_Barile mappa 10
      objectReference: {fileID: 0}
    - target: {fileID: 9051228279362205883, guid: 11e54589742a0814e81a45779ad354d1,
        type: 3}
      propertyPath: Audio
      value: 
      objectReference: {fileID: 0}
    - target: {fileID: 9051228279362205883, guid: 11e54589742a0814e81a45779ad354d1,
        type: 3}
      propertyPath: Mappa
      value: 
      objectReference: {fileID: 11400000, guid: 0bf6f4c386bd2624e865df210c7f1c77,
        type: 2}
    m_RemovedComponents: []
  m_SourcePrefab: {fileID: 100100000, guid: 11e54589742a0814e81a45779ad354d1, type: 3}
--- !u!4 &7973428286491546029 stripped
Transform:
  m_CorrespondingSourceObject: {fileID: 1849616288873619738, guid: 11e54589742a0814e81a45779ad354d1,
    type: 3}
  m_PrefabInstance: {fileID: 8578344636164599991}
  m_PrefabAsset: {fileID: 0}
--- !u!1001 &8578344636232935759
PrefabInstance:
  m_ObjectHideFlags: 0
  serializedVersion: 2
  m_Modification:
    m_TransformParent: {fileID: 8578344636215986174}
    m_Modifications:
    - target: {fileID: 673548851096804798, guid: 94a80289c3a98454bb84d395d4410fcf,
        type: 3}
      propertyPath: m_Name
      value: MDL_Cassa mappa 6
      objectReference: {fileID: 0}
    - target: {fileID: 4540671604969549741, guid: 94a80289c3a98454bb84d395d4410fcf,
        type: 3}
      propertyPath: m_LocalPosition.x
      value: 12.7
      objectReference: {fileID: 0}
    - target: {fileID: 4540671604969549741, guid: 94a80289c3a98454bb84d395d4410fcf,
        type: 3}
      propertyPath: m_LocalPosition.y
      value: 81.52
      objectReference: {fileID: 0}
    - target: {fileID: 4540671604969549741, guid: 94a80289c3a98454bb84d395d4410fcf,
        type: 3}
      propertyPath: m_LocalPosition.z
      value: 784.83655
      objectReference: {fileID: 0}
    - target: {fileID: 4540671604969549741, guid: 94a80289c3a98454bb84d395d4410fcf,
        type: 3}
      propertyPath: m_LocalRotation.x
      value: -0
      objectReference: {fileID: 0}
    - target: {fileID: 4540671604969549741, guid: 94a80289c3a98454bb84d395d4410fcf,
        type: 3}
      propertyPath: m_LocalRotation.y
      value: -0.14390895
      objectReference: {fileID: 0}
    - target: {fileID: 4540671604969549741, guid: 94a80289c3a98454bb84d395d4410fcf,
        type: 3}
      propertyPath: m_LocalRotation.z
      value: -0
      objectReference: {fileID: 0}
    - target: {fileID: 4540671604969549741, guid: 94a80289c3a98454bb84d395d4410fcf,
        type: 3}
      propertyPath: m_LocalRotation.w
      value: 0.989591
      objectReference: {fileID: 0}
    - target: {fileID: 4540671604969549741, guid: 94a80289c3a98454bb84d395d4410fcf,
        type: 3}
      propertyPath: m_RootOrder
      value: 5
      objectReference: {fileID: 0}
    - target: {fileID: 4540671604969549741, guid: 94a80289c3a98454bb84d395d4410fcf,
        type: 3}
      propertyPath: m_LocalEulerAnglesHint.x
      value: 0
      objectReference: {fileID: 0}
    - target: {fileID: 4540671604969549741, guid: 94a80289c3a98454bb84d395d4410fcf,
        type: 3}
      propertyPath: m_LocalEulerAnglesHint.y
      value: -16.548
      objectReference: {fileID: 0}
    - target: {fileID: 4540671604969549741, guid: 94a80289c3a98454bb84d395d4410fcf,
        type: 3}
      propertyPath: m_LocalEulerAnglesHint.z
      value: 0
      objectReference: {fileID: 0}
    - target: {fileID: 4540671604969549741, guid: 94a80289c3a98454bb84d395d4410fcf,
        type: 3}
      propertyPath: m_LocalScale.x
      value: 3
      objectReference: {fileID: 0}
    - target: {fileID: 4540671604969549741, guid: 94a80289c3a98454bb84d395d4410fcf,
        type: 3}
      propertyPath: m_LocalScale.y
      value: 3
      objectReference: {fileID: 0}
    - target: {fileID: 4540671604969549741, guid: 94a80289c3a98454bb84d395d4410fcf,
        type: 3}
      propertyPath: m_LocalScale.z
      value: 3
      objectReference: {fileID: 0}
    - target: {fileID: 5626090635167982794, guid: 94a80289c3a98454bb84d395d4410fcf,
        type: 3}
      propertyPath: Audio
      value: 
      objectReference: {fileID: 0}
    - target: {fileID: 5626090635167982794, guid: 94a80289c3a98454bb84d395d4410fcf,
        type: 3}
      propertyPath: Mappa
      value: 
      objectReference: {fileID: 11400000, guid: 51fad3f22161f79479c9fc81e29522d4,
        type: 2}
    m_RemovedComponents: []
  m_SourcePrefab: {fileID: 100100000, guid: 94a80289c3a98454bb84d395d4410fcf, type: 3}
--- !u!4 &5192600047373715170 stripped
Transform:
  m_CorrespondingSourceObject: {fileID: 4540671604969549741, guid: 94a80289c3a98454bb84d395d4410fcf,
    type: 3}
  m_PrefabInstance: {fileID: 8578344636232935759}
  m_PrefabAsset: {fileID: 0}
--- !u!1001 &8578344636398960015
PrefabInstance:
  m_ObjectHideFlags: 0
  serializedVersion: 2
  m_Modification:
    m_TransformParent: {fileID: 8578344636215986174}
    m_Modifications:
    - target: {fileID: 1849616288873619738, guid: 11e54589742a0814e81a45779ad354d1,
        type: 3}
      propertyPath: m_LocalPosition.x
      value: 103.02
      objectReference: {fileID: 0}
    - target: {fileID: 1849616288873619738, guid: 11e54589742a0814e81a45779ad354d1,
        type: 3}
      propertyPath: m_LocalPosition.y
      value: 33.85
      objectReference: {fileID: 0}
    - target: {fileID: 1849616288873619738, guid: 11e54589742a0814e81a45779ad354d1,
        type: 3}
      propertyPath: m_LocalPosition.z
      value: 784.9386
      objectReference: {fileID: 0}
    - target: {fileID: 1849616288873619738, guid: 11e54589742a0814e81a45779ad354d1,
        type: 3}
      propertyPath: m_LocalRotation.x
      value: -0
      objectReference: {fileID: 0}
    - target: {fileID: 1849616288873619738, guid: 11e54589742a0814e81a45779ad354d1,
        type: 3}
      propertyPath: m_LocalRotation.y
      value: 0.7939742
      objectReference: {fileID: 0}
    - target: {fileID: 1849616288873619738, guid: 11e54589742a0814e81a45779ad354d1,
        type: 3}
      propertyPath: m_LocalRotation.z
      value: -0
      objectReference: {fileID: 0}
    - target: {fileID: 1849616288873619738, guid: 11e54589742a0814e81a45779ad354d1,
        type: 3}
      propertyPath: m_LocalRotation.w
      value: 0.60795146
      objectReference: {fileID: 0}
    - target: {fileID: 1849616288873619738, guid: 11e54589742a0814e81a45779ad354d1,
        type: 3}
      propertyPath: m_RootOrder
      value: 1
      objectReference: {fileID: 0}
    - target: {fileID: 1849616288873619738, guid: 11e54589742a0814e81a45779ad354d1,
        type: 3}
      propertyPath: m_LocalEulerAnglesHint.x
      value: 0
      objectReference: {fileID: 0}
    - target: {fileID: 1849616288873619738, guid: 11e54589742a0814e81a45779ad354d1,
        type: 3}
      propertyPath: m_LocalEulerAnglesHint.y
      value: 105.117004
      objectReference: {fileID: 0}
    - target: {fileID: 1849616288873619738, guid: 11e54589742a0814e81a45779ad354d1,
        type: 3}
      propertyPath: m_LocalEulerAnglesHint.z
      value: 0
      objectReference: {fileID: 0}
    - target: {fileID: 1849616288873619738, guid: 11e54589742a0814e81a45779ad354d1,
        type: 3}
      propertyPath: m_LocalScale.x
      value: 2
      objectReference: {fileID: 0}
    - target: {fileID: 1849616288873619738, guid: 11e54589742a0814e81a45779ad354d1,
        type: 3}
      propertyPath: m_LocalScale.y
      value: 2
      objectReference: {fileID: 0}
    - target: {fileID: 1849616288873619738, guid: 11e54589742a0814e81a45779ad354d1,
        type: 3}
      propertyPath: m_LocalScale.z
      value: 2
      objectReference: {fileID: 0}
    - target: {fileID: 3454386189304353545, guid: 11e54589742a0814e81a45779ad354d1,
        type: 3}
      propertyPath: m_Name
      value: MDL_Barile mappa 2
      objectReference: {fileID: 0}
    - target: {fileID: 9051228279362205883, guid: 11e54589742a0814e81a45779ad354d1,
        type: 3}
      propertyPath: Audio
      value: 
      objectReference: {fileID: 0}
    - target: {fileID: 9051228279362205883, guid: 11e54589742a0814e81a45779ad354d1,
        type: 3}
      propertyPath: Mappa
      value: 
      objectReference: {fileID: 11400000, guid: 3f73136905b180940a188478564de462,
        type: 2}
    m_RemovedComponents: []
  m_SourcePrefab: {fileID: 100100000, guid: 11e54589742a0814e81a45779ad354d1, type: 3}
--- !u!4 &7973428286728002709 stripped
Transform:
  m_CorrespondingSourceObject: {fileID: 1849616288873619738, guid: 11e54589742a0814e81a45779ad354d1,
    type: 3}
  m_PrefabInstance: {fileID: 8578344636398960015}
  m_PrefabAsset: {fileID: 0}
--- !u!1001 &8578344636671203045
PrefabInstance:
  m_ObjectHideFlags: 0
  serializedVersion: 2
  m_Modification:
    m_TransformParent: {fileID: 8578344636215986174}
    m_Modifications:
    - target: {fileID: 673548851096804798, guid: 94a80289c3a98454bb84d395d4410fcf,
        type: 3}
      propertyPath: m_Name
      value: MDL_Cassa mappa 3
      objectReference: {fileID: 0}
    - target: {fileID: 4540671604969549741, guid: 94a80289c3a98454bb84d395d4410fcf,
        type: 3}
      propertyPath: m_LocalPosition.x
      value: 37.23
      objectReference: {fileID: 0}
    - target: {fileID: 4540671604969549741, guid: 94a80289c3a98454bb84d395d4410fcf,
        type: 3}
      propertyPath: m_LocalPosition.y
      value: 20.69
      objectReference: {fileID: 0}
    - target: {fileID: 4540671604969549741, guid: 94a80289c3a98454bb84d395d4410fcf,
        type: 3}
      propertyPath: m_LocalPosition.z
      value: 784.83655
      objectReference: {fileID: 0}
    - target: {fileID: 4540671604969549741, guid: 94a80289c3a98454bb84d395d4410fcf,
        type: 3}
      propertyPath: m_LocalRotation.x
      value: -0
      objectReference: {fileID: 0}
    - target: {fileID: 4540671604969549741, guid: 94a80289c3a98454bb84d395d4410fcf,
        type: 3}
      propertyPath: m_LocalRotation.y
      value: 0.13052598
      objectReference: {fileID: 0}
    - target: {fileID: 4540671604969549741, guid: 94a80289c3a98454bb84d395d4410fcf,
        type: 3}
      propertyPath: m_LocalRotation.z
      value: -0
      objectReference: {fileID: 0}
    - target: {fileID: 4540671604969549741, guid: 94a80289c3a98454bb84d395d4410fcf,
        type: 3}
      propertyPath: m_LocalRotation.w
      value: 0.9914449
      objectReference: {fileID: 0}
    - target: {fileID: 4540671604969549741, guid: 94a80289c3a98454bb84d395d4410fcf,
        type: 3}
      propertyPath: m_RootOrder
      value: 2
      objectReference: {fileID: 0}
    - target: {fileID: 4540671604969549741, guid: 94a80289c3a98454bb84d395d4410fcf,
        type: 3}
      propertyPath: m_LocalEulerAnglesHint.x
      value: 0
      objectReference: {fileID: 0}
    - target: {fileID: 4540671604969549741, guid: 94a80289c3a98454bb84d395d4410fcf,
        type: 3}
      propertyPath: m_LocalEulerAnglesHint.y
      value: 15.000001
      objectReference: {fileID: 0}
    - target: {fileID: 4540671604969549741, guid: 94a80289c3a98454bb84d395d4410fcf,
        type: 3}
      propertyPath: m_LocalEulerAnglesHint.z
      value: 0
      objectReference: {fileID: 0}
    - target: {fileID: 4540671604969549741, guid: 94a80289c3a98454bb84d395d4410fcf,
        type: 3}
      propertyPath: m_LocalScale.x
      value: 3
      objectReference: {fileID: 0}
    - target: {fileID: 4540671604969549741, guid: 94a80289c3a98454bb84d395d4410fcf,
        type: 3}
      propertyPath: m_LocalScale.y
      value: 3
      objectReference: {fileID: 0}
    - target: {fileID: 4540671604969549741, guid: 94a80289c3a98454bb84d395d4410fcf,
        type: 3}
      propertyPath: m_LocalScale.z
      value: 3
      objectReference: {fileID: 0}
    - target: {fileID: 5626090635167982794, guid: 94a80289c3a98454bb84d395d4410fcf,
        type: 3}
      propertyPath: Audio
      value: 
      objectReference: {fileID: 0}
    - target: {fileID: 5626090635167982794, guid: 94a80289c3a98454bb84d395d4410fcf,
        type: 3}
      propertyPath: Mappa
      value: 
      objectReference: {fileID: 11400000, guid: 8d8cdbf9fcd8c834f87a31ad57e2fec8,
        type: 2}
    m_RemovedComponents: []
  m_SourcePrefab: {fileID: 100100000, guid: 94a80289c3a98454bb84d395d4410fcf, type: 3}
--- !u!4 &5192600047740762440 stripped
Transform:
  m_CorrespondingSourceObject: {fileID: 4540671604969549741, guid: 94a80289c3a98454bb84d395d4410fcf,
    type: 3}
  m_PrefabInstance: {fileID: 8578344636671203045}
  m_PrefabAsset: {fileID: 0}
--- !u!1001 &8578344637159304411
PrefabInstance:
  m_ObjectHideFlags: 0
  serializedVersion: 2
  m_Modification:
    m_TransformParent: {fileID: 8578344636215986174}
    m_Modifications:
    - target: {fileID: 673548851096804798, guid: 94a80289c3a98454bb84d395d4410fcf,
        type: 3}
      propertyPath: m_Name
      value: MDL_Cassa mappa 11
      objectReference: {fileID: 0}
    - target: {fileID: 4540671604969549741, guid: 94a80289c3a98454bb84d395d4410fcf,
        type: 3}
      propertyPath: m_LocalPosition.x
      value: 66.7
      objectReference: {fileID: 0}
    - target: {fileID: 4540671604969549741, guid: 94a80289c3a98454bb84d395d4410fcf,
        type: 3}
      propertyPath: m_LocalPosition.y
      value: 48.659
      objectReference: {fileID: 0}
    - target: {fileID: 4540671604969549741, guid: 94a80289c3a98454bb84d395d4410fcf,
        type: 3}
      propertyPath: m_LocalPosition.z
      value: 784.83655
      objectReference: {fileID: 0}
    - target: {fileID: 4540671604969549741, guid: 94a80289c3a98454bb84d395d4410fcf,
        type: 3}
      propertyPath: m_LocalRotation.x
      value: -0
      objectReference: {fileID: 0}
    - target: {fileID: 4540671604969549741, guid: 94a80289c3a98454bb84d395d4410fcf,
        type: 3}
      propertyPath: m_LocalRotation.y
      value: 0.13790028
      objectReference: {fileID: 0}
    - target: {fileID: 4540671604969549741, guid: 94a80289c3a98454bb84d395d4410fcf,
        type: 3}
      propertyPath: m_LocalRotation.z
      value: -0
      objectReference: {fileID: 0}
    - target: {fileID: 4540671604969549741, guid: 94a80289c3a98454bb84d395d4410fcf,
        type: 3}
      propertyPath: m_LocalRotation.w
      value: 0.99044615
      objectReference: {fileID: 0}
    - target: {fileID: 4540671604969549741, guid: 94a80289c3a98454bb84d395d4410fcf,
        type: 3}
      propertyPath: m_RootOrder
      value: 10
      objectReference: {fileID: 0}
    - target: {fileID: 4540671604969549741, guid: 94a80289c3a98454bb84d395d4410fcf,
        type: 3}
      propertyPath: m_LocalEulerAnglesHint.x
      value: 0
      objectReference: {fileID: 0}
    - target: {fileID: 4540671604969549741, guid: 94a80289c3a98454bb84d395d4410fcf,
        type: 3}
      propertyPath: m_LocalEulerAnglesHint.y
      value: 15.853001
      objectReference: {fileID: 0}
    - target: {fileID: 4540671604969549741, guid: 94a80289c3a98454bb84d395d4410fcf,
        type: 3}
      propertyPath: m_LocalEulerAnglesHint.z
      value: 0
      objectReference: {fileID: 0}
    - target: {fileID: 4540671604969549741, guid: 94a80289c3a98454bb84d395d4410fcf,
        type: 3}
      propertyPath: m_LocalScale.x
      value: 3
      objectReference: {fileID: 0}
    - target: {fileID: 4540671604969549741, guid: 94a80289c3a98454bb84d395d4410fcf,
        type: 3}
      propertyPath: m_LocalScale.y
      value: 3
      objectReference: {fileID: 0}
    - target: {fileID: 4540671604969549741, guid: 94a80289c3a98454bb84d395d4410fcf,
        type: 3}
      propertyPath: m_LocalScale.z
      value: 3
      objectReference: {fileID: 0}
    - target: {fileID: 5626090635167982794, guid: 94a80289c3a98454bb84d395d4410fcf,
        type: 3}
      propertyPath: Audio
      value: 
      objectReference: {fileID: 0}
    - target: {fileID: 5626090635167982794, guid: 94a80289c3a98454bb84d395d4410fcf,
        type: 3}
      propertyPath: Mappa
      value: 
      objectReference: {fileID: 11400000, guid: 6fca002a59b0b6d4e89af418a06f82d2,
        type: 2}
    m_RemovedComponents: []
  m_SourcePrefab: {fileID: 100100000, guid: 94a80289c3a98454bb84d395d4410fcf, type: 3}
--- !u!4 &5192600047252423542 stripped
Transform:
  m_CorrespondingSourceObject: {fileID: 4540671604969549741, guid: 94a80289c3a98454bb84d395d4410fcf,
    type: 3}
  m_PrefabInstance: {fileID: 8578344637159304411}
  m_PrefabAsset: {fileID: 0}
--- !u!1001 &8578344637224414224
PrefabInstance:
  m_ObjectHideFlags: 0
  serializedVersion: 2
  m_Modification:
    m_TransformParent: {fileID: 8578344636215986174}
    m_Modifications:
    - target: {fileID: 1849616288873619738, guid: 11e54589742a0814e81a45779ad354d1,
        type: 3}
      propertyPath: m_LocalPosition.x
      value: 62.519
      objectReference: {fileID: 0}
    - target: {fileID: 1849616288873619738, guid: 11e54589742a0814e81a45779ad354d1,
        type: 3}
      propertyPath: m_LocalPosition.y
      value: 5.85
      objectReference: {fileID: 0}
    - target: {fileID: 1849616288873619738, guid: 11e54589742a0814e81a45779ad354d1,
        type: 3}
      propertyPath: m_LocalPosition.z
      value: 784.9386
      objectReference: {fileID: 0}
    - target: {fileID: 1849616288873619738, guid: 11e54589742a0814e81a45779ad354d1,
        type: 3}
      propertyPath: m_LocalRotation.x
      value: -0
      objectReference: {fileID: 0}
    - target: {fileID: 1849616288873619738, guid: 11e54589742a0814e81a45779ad354d1,
        type: 3}
      propertyPath: m_LocalRotation.y
      value: 0.61463237
      objectReference: {fileID: 0}
    - target: {fileID: 1849616288873619738, guid: 11e54589742a0814e81a45779ad354d1,
        type: 3}
      propertyPath: m_LocalRotation.z
      value: -0
      objectReference: {fileID: 0}
    - target: {fileID: 1849616288873619738, guid: 11e54589742a0814e81a45779ad354d1,
        type: 3}
      propertyPath: m_LocalRotation.w
      value: 0.7888137
      objectReference: {fileID: 0}
    - target: {fileID: 1849616288873619738, guid: 11e54589742a0814e81a45779ad354d1,
        type: 3}
      propertyPath: m_RootOrder
      value: 0
      objectReference: {fileID: 0}
    - target: {fileID: 1849616288873619738, guid: 11e54589742a0814e81a45779ad354d1,
        type: 3}
      propertyPath: m_LocalEulerAnglesHint.x
      value: 0
      objectReference: {fileID: 0}
    - target: {fileID: 1849616288873619738, guid: 11e54589742a0814e81a45779ad354d1,
        type: 3}
      propertyPath: m_LocalEulerAnglesHint.y
      value: 75.850006
      objectReference: {fileID: 0}
    - target: {fileID: 1849616288873619738, guid: 11e54589742a0814e81a45779ad354d1,
        type: 3}
      propertyPath: m_LocalEulerAnglesHint.z
      value: 0
      objectReference: {fileID: 0}
    - target: {fileID: 1849616288873619738, guid: 11e54589742a0814e81a45779ad354d1,
        type: 3}
      propertyPath: m_LocalScale.x
      value: 2
      objectReference: {fileID: 0}
    - target: {fileID: 1849616288873619738, guid: 11e54589742a0814e81a45779ad354d1,
        type: 3}
      propertyPath: m_LocalScale.y
      value: 2
      objectReference: {fileID: 0}
    - target: {fileID: 1849616288873619738, guid: 11e54589742a0814e81a45779ad354d1,
        type: 3}
      propertyPath: m_LocalScale.z
      value: 2
      objectReference: {fileID: 0}
    - target: {fileID: 3454386189304353545, guid: 11e54589742a0814e81a45779ad354d1,
        type: 3}
      propertyPath: m_Name
      value: MDL_Barile mappa 1
      objectReference: {fileID: 0}
    - target: {fileID: 9051228279362205883, guid: 11e54589742a0814e81a45779ad354d1,
        type: 3}
      propertyPath: Audio
      value: 
      objectReference: {fileID: 0}
    - target: {fileID: 9051228279362205883, guid: 11e54589742a0814e81a45779ad354d1,
        type: 3}
      propertyPath: Mappa
      value: 
      objectReference: {fileID: 11400000, guid: 9629142fd34878e47b50698447032d14,
        type: 2}
    m_RemovedComponents: []
  m_SourcePrefab: {fileID: 100100000, guid: 11e54589742a0814e81a45779ad354d1, type: 3}
--- !u!4 &7973428287587601674 stripped
Transform:
  m_CorrespondingSourceObject: {fileID: 1849616288873619738, guid: 11e54589742a0814e81a45779ad354d1,
    type: 3}
  m_PrefabInstance: {fileID: 8578344637224414224}
  m_PrefabAsset: {fileID: 0}
--- !u!1001 &8578344637249867144
PrefabInstance:
  m_ObjectHideFlags: 0
  serializedVersion: 2
  m_Modification:
    m_TransformParent: {fileID: 8578344636215986174}
    m_Modifications:
    - target: {fileID: 1849616288873619738, guid: 11e54589742a0814e81a45779ad354d1,
        type: 3}
      propertyPath: m_LocalPosition.x
      value: 61.25
      objectReference: {fileID: 0}
    - target: {fileID: 1849616288873619738, guid: 11e54589742a0814e81a45779ad354d1,
        type: 3}
      propertyPath: m_LocalPosition.y
      value: 60.85
      objectReference: {fileID: 0}
    - target: {fileID: 1849616288873619738, guid: 11e54589742a0814e81a45779ad354d1,
        type: 3}
      propertyPath: m_LocalPosition.z
      value: 784.9386
      objectReference: {fileID: 0}
    - target: {fileID: 1849616288873619738, guid: 11e54589742a0814e81a45779ad354d1,
        type: 3}
      propertyPath: m_LocalRotation.x
      value: -0
      objectReference: {fileID: 0}
    - target: {fileID: 1849616288873619738, guid: 11e54589742a0814e81a45779ad354d1,
        type: 3}
      propertyPath: m_LocalRotation.y
      value: 0.7939742
      objectReference: {fileID: 0}
    - target: {fileID: 1849616288873619738, guid: 11e54589742a0814e81a45779ad354d1,
        type: 3}
      propertyPath: m_LocalRotation.z
      value: -0
      objectReference: {fileID: 0}
    - target: {fileID: 1849616288873619738, guid: 11e54589742a0814e81a45779ad354d1,
        type: 3}
      propertyPath: m_LocalRotation.w
      value: 0.60795146
      objectReference: {fileID: 0}
    - target: {fileID: 1849616288873619738, guid: 11e54589742a0814e81a45779ad354d1,
        type: 3}
      propertyPath: m_RootOrder
      value: 6
      objectReference: {fileID: 0}
    - target: {fileID: 1849616288873619738, guid: 11e54589742a0814e81a45779ad354d1,
        type: 3}
      propertyPath: m_LocalEulerAnglesHint.x
      value: 0
      objectReference: {fileID: 0}
    - target: {fileID: 1849616288873619738, guid: 11e54589742a0814e81a45779ad354d1,
        type: 3}
      propertyPath: m_LocalEulerAnglesHint.y
      value: 105.117004
      objectReference: {fileID: 0}
    - target: {fileID: 1849616288873619738, guid: 11e54589742a0814e81a45779ad354d1,
        type: 3}
      propertyPath: m_LocalEulerAnglesHint.z
      value: 0
      objectReference: {fileID: 0}
    - target: {fileID: 1849616288873619738, guid: 11e54589742a0814e81a45779ad354d1,
        type: 3}
      propertyPath: m_LocalScale.x
      value: 2
      objectReference: {fileID: 0}
    - target: {fileID: 1849616288873619738, guid: 11e54589742a0814e81a45779ad354d1,
        type: 3}
      propertyPath: m_LocalScale.y
      value: 2
      objectReference: {fileID: 0}
    - target: {fileID: 1849616288873619738, guid: 11e54589742a0814e81a45779ad354d1,
        type: 3}
      propertyPath: m_LocalScale.z
      value: 2
      objectReference: {fileID: 0}
    - target: {fileID: 3454386189304353545, guid: 11e54589742a0814e81a45779ad354d1,
        type: 3}
      propertyPath: m_Name
      value: MDL_Barile mappa 7
      objectReference: {fileID: 0}
    - target: {fileID: 9051228279362205883, guid: 11e54589742a0814e81a45779ad354d1,
        type: 3}
      propertyPath: Audio
      value: 
      objectReference: {fileID: 0}
    - target: {fileID: 9051228279362205883, guid: 11e54589742a0814e81a45779ad354d1,
        type: 3}
      propertyPath: Mappa
      value: 
      objectReference: {fileID: 11400000, guid: 44ba5850557494e42bad1ad7e99473c4,
        type: 2}
    m_RemovedComponents: []
  m_SourcePrefab: {fileID: 100100000, guid: 11e54589742a0814e81a45779ad354d1, type: 3}
--- !u!4 &7973428288015133842 stripped
Transform:
  m_CorrespondingSourceObject: {fileID: 1849616288873619738, guid: 11e54589742a0814e81a45779ad354d1,
    type: 3}
  m_PrefabInstance: {fileID: 8578344637249867144}
  m_PrefabAsset: {fileID: 0}
--- !u!1001 &8578344637351523605
PrefabInstance:
  m_ObjectHideFlags: 0
  serializedVersion: 2
  m_Modification:
    m_TransformParent: {fileID: 8578344636215986174}
    m_Modifications:
    - target: {fileID: 673548851096804798, guid: 94a80289c3a98454bb84d395d4410fcf,
        type: 3}
      propertyPath: m_Name
      value: MDL_Cassa mappa 5
      objectReference: {fileID: 0}
    - target: {fileID: 4540671604969549741, guid: 94a80289c3a98454bb84d395d4410fcf,
        type: 3}
      propertyPath: m_LocalPosition.x
      value: 125.17
      objectReference: {fileID: 0}
    - target: {fileID: 4540671604969549741, guid: 94a80289c3a98454bb84d395d4410fcf,
        type: 3}
      propertyPath: m_LocalPosition.y
      value: -7.3
      objectReference: {fileID: 0}
    - target: {fileID: 4540671604969549741, guid: 94a80289c3a98454bb84d395d4410fcf,
        type: 3}
      propertyPath: m_LocalPosition.z
      value: 784.83655
      objectReference: {fileID: 0}
    - target: {fileID: 4540671604969549741, guid: 94a80289c3a98454bb84d395d4410fcf,
        type: 3}
      propertyPath: m_LocalRotation.x
      value: -0
      objectReference: {fileID: 0}
    - target: {fileID: 4540671604969549741, guid: 94a80289c3a98454bb84d395d4410fcf,
        type: 3}
      propertyPath: m_LocalRotation.y
      value: 0.13052598
      objectReference: {fileID: 0}
    - target: {fileID: 4540671604969549741, guid: 94a80289c3a98454bb84d395d4410fcf,
        type: 3}
      propertyPath: m_LocalRotation.z
      value: -0
      objectReference: {fileID: 0}
    - target: {fileID: 4540671604969549741, guid: 94a80289c3a98454bb84d395d4410fcf,
        type: 3}
      propertyPath: m_LocalRotation.w
      value: 0.9914449
      objectReference: {fileID: 0}
    - target: {fileID: 4540671604969549741, guid: 94a80289c3a98454bb84d395d4410fcf,
        type: 3}
      propertyPath: m_RootOrder
      value: 4
      objectReference: {fileID: 0}
    - target: {fileID: 4540671604969549741, guid: 94a80289c3a98454bb84d395d4410fcf,
        type: 3}
      propertyPath: m_LocalEulerAnglesHint.x
      value: 0
      objectReference: {fileID: 0}
    - target: {fileID: 4540671604969549741, guid: 94a80289c3a98454bb84d395d4410fcf,
        type: 3}
      propertyPath: m_LocalEulerAnglesHint.y
      value: 15.000001
      objectReference: {fileID: 0}
    - target: {fileID: 4540671604969549741, guid: 94a80289c3a98454bb84d395d4410fcf,
        type: 3}
      propertyPath: m_LocalEulerAnglesHint.z
      value: 0
      objectReference: {fileID: 0}
    - target: {fileID: 4540671604969549741, guid: 94a80289c3a98454bb84d395d4410fcf,
        type: 3}
      propertyPath: m_LocalScale.x
      value: 3
      objectReference: {fileID: 0}
    - target: {fileID: 4540671604969549741, guid: 94a80289c3a98454bb84d395d4410fcf,
        type: 3}
      propertyPath: m_LocalScale.y
      value: 3
      objectReference: {fileID: 0}
    - target: {fileID: 4540671604969549741, guid: 94a80289c3a98454bb84d395d4410fcf,
        type: 3}
      propertyPath: m_LocalScale.z
      value: 3
      objectReference: {fileID: 0}
    - target: {fileID: 5626090635167982794, guid: 94a80289c3a98454bb84d395d4410fcf,
        type: 3}
      propertyPath: Audio
      value: 
      objectReference: {fileID: 0}
    - target: {fileID: 5626090635167982794, guid: 94a80289c3a98454bb84d395d4410fcf,
        type: 3}
      propertyPath: Mappa
      value: 
      objectReference: {fileID: 11400000, guid: 06daa1b0e7af5c242b6505dbedcd6dc4,
        type: 2}
    m_RemovedComponents: []
  m_SourcePrefab: {fileID: 100100000, guid: 94a80289c3a98454bb84d395d4410fcf, type: 3}
--- !u!4 &5192600046257789624 stripped
Transform:
  m_CorrespondingSourceObject: {fileID: 4540671604969549741, guid: 94a80289c3a98454bb84d395d4410fcf,
    type: 3}
  m_PrefabInstance: {fileID: 8578344637351523605}
  m_PrefabAsset: {fileID: 0}
--- !u!1001 &8578344637467484386
PrefabInstance:
  m_ObjectHideFlags: 0
  serializedVersion: 2
  m_Modification:
    m_TransformParent: {fileID: 8578344636215986174}
    m_Modifications:
    - target: {fileID: 1849616288873619738, guid: 11e54589742a0814e81a45779ad354d1,
        type: 3}
      propertyPath: m_LocalPosition.x
      value: 192.15
      objectReference: {fileID: 0}
    - target: {fileID: 1849616288873619738, guid: 11e54589742a0814e81a45779ad354d1,
        type: 3}
      propertyPath: m_LocalPosition.y
      value: 1.863
      objectReference: {fileID: 0}
    - target: {fileID: 1849616288873619738, guid: 11e54589742a0814e81a45779ad354d1,
        type: 3}
      propertyPath: m_LocalPosition.z
      value: 784.9386
      objectReference: {fileID: 0}
    - target: {fileID: 1849616288873619738, guid: 11e54589742a0814e81a45779ad354d1,
        type: 3}
      propertyPath: m_LocalRotation.x
      value: -0
      objectReference: {fileID: 0}
    - target: {fileID: 1849616288873619738, guid: 11e54589742a0814e81a45779ad354d1,
        type: 3}
      propertyPath: m_LocalRotation.y
      value: 0.7939742
      objectReference: {fileID: 0}
    - target: {fileID: 1849616288873619738, guid: 11e54589742a0814e81a45779ad354d1,
        type: 3}
      propertyPath: m_LocalRotation.z
      value: -0
      objectReference: {fileID: 0}
    - target: {fileID: 1849616288873619738, guid: 11e54589742a0814e81a45779ad354d1,
        type: 3}
      propertyPath: m_LocalRotation.w
      value: 0.60795146
      objectReference: {fileID: 0}
    - target: {fileID: 1849616288873619738, guid: 11e54589742a0814e81a45779ad354d1,
        type: 3}
      propertyPath: m_RootOrder
      value: 12
      objectReference: {fileID: 0}
    - target: {fileID: 1849616288873619738, guid: 11e54589742a0814e81a45779ad354d1,
        type: 3}
      propertyPath: m_LocalEulerAnglesHint.x
      value: 0
      objectReference: {fileID: 0}
    - target: {fileID: 1849616288873619738, guid: 11e54589742a0814e81a45779ad354d1,
        type: 3}
      propertyPath: m_LocalEulerAnglesHint.y
      value: 105.117004
      objectReference: {fileID: 0}
    - target: {fileID: 1849616288873619738, guid: 11e54589742a0814e81a45779ad354d1,
        type: 3}
      propertyPath: m_LocalEulerAnglesHint.z
      value: 0
      objectReference: {fileID: 0}
    - target: {fileID: 1849616288873619738, guid: 11e54589742a0814e81a45779ad354d1,
        type: 3}
      propertyPath: m_LocalScale.x
      value: 2
      objectReference: {fileID: 0}
    - target: {fileID: 1849616288873619738, guid: 11e54589742a0814e81a45779ad354d1,
        type: 3}
      propertyPath: m_LocalScale.y
      value: 2
      objectReference: {fileID: 0}
    - target: {fileID: 1849616288873619738, guid: 11e54589742a0814e81a45779ad354d1,
        type: 3}
      propertyPath: m_LocalScale.z
      value: 2
      objectReference: {fileID: 0}
    - target: {fileID: 3454386189304353545, guid: 11e54589742a0814e81a45779ad354d1,
        type: 3}
      propertyPath: m_Name
      value: MDL_Barile mappa 13
      objectReference: {fileID: 0}
    - target: {fileID: 9051228279362205883, guid: 11e54589742a0814e81a45779ad354d1,
        type: 3}
      propertyPath: Audio
      value: 
      objectReference: {fileID: 0}
    - target: {fileID: 9051228279362205883, guid: 11e54589742a0814e81a45779ad354d1,
        type: 3}
      propertyPath: Mappa
      value: 
      objectReference: {fileID: 11400000, guid: cd4ea3ea8f9d88042b94c714ca41d5c7,
        type: 2}
    m_RemovedComponents: []
  m_SourcePrefab: {fileID: 100100000, guid: 11e54589742a0814e81a45779ad354d1, type: 3}
--- !u!4 &7973428287797379576 stripped
Transform:
  m_CorrespondingSourceObject: {fileID: 1849616288873619738, guid: 11e54589742a0814e81a45779ad354d1,
    type: 3}
  m_PrefabInstance: {fileID: 8578344637467484386}
  m_PrefabAsset: {fileID: 0}
--- !u!1001 &8578344637733089324
PrefabInstance:
  m_ObjectHideFlags: 0
  serializedVersion: 2
  m_Modification:
    m_TransformParent: {fileID: 8578344636215986174}
    m_Modifications:
    - target: {fileID: 673548851096804798, guid: 94a80289c3a98454bb84d395d4410fcf,
        type: 3}
      propertyPath: m_Name
      value: MDL_Cassa mappa 12
      objectReference: {fileID: 0}
    - target: {fileID: 4540671604969549741, guid: 94a80289c3a98454bb84d395d4410fcf,
        type: 3}
      propertyPath: m_LocalPosition.x
      value: 172.044
      objectReference: {fileID: 0}
    - target: {fileID: 4540671604969549741, guid: 94a80289c3a98454bb84d395d4410fcf,
        type: 3}
      propertyPath: m_LocalPosition.y
      value: 23.65
      objectReference: {fileID: 0}
    - target: {fileID: 4540671604969549741, guid: 94a80289c3a98454bb84d395d4410fcf,
        type: 3}
      propertyPath: m_LocalPosition.z
      value: 784.83655
      objectReference: {fileID: 0}
    - target: {fileID: 4540671604969549741, guid: 94a80289c3a98454bb84d395d4410fcf,
        type: 3}
      propertyPath: m_LocalRotation.x
      value: -0
      objectReference: {fileID: 0}
    - target: {fileID: 4540671604969549741, guid: 94a80289c3a98454bb84d395d4410fcf,
        type: 3}
      propertyPath: m_LocalRotation.y
      value: 0.13790028
      objectReference: {fileID: 0}
    - target: {fileID: 4540671604969549741, guid: 94a80289c3a98454bb84d395d4410fcf,
        type: 3}
      propertyPath: m_LocalRotation.z
      value: -0
      objectReference: {fileID: 0}
    - target: {fileID: 4540671604969549741, guid: 94a80289c3a98454bb84d395d4410fcf,
        type: 3}
      propertyPath: m_LocalRotation.w
      value: 0.99044615
      objectReference: {fileID: 0}
    - target: {fileID: 4540671604969549741, guid: 94a80289c3a98454bb84d395d4410fcf,
        type: 3}
      propertyPath: m_RootOrder
      value: 11
      objectReference: {fileID: 0}
    - target: {fileID: 4540671604969549741, guid: 94a80289c3a98454bb84d395d4410fcf,
        type: 3}
      propertyPath: m_LocalEulerAnglesHint.x
      value: 0
      objectReference: {fileID: 0}
    - target: {fileID: 4540671604969549741, guid: 94a80289c3a98454bb84d395d4410fcf,
        type: 3}
      propertyPath: m_LocalEulerAnglesHint.y
      value: 15.853001
      objectReference: {fileID: 0}
    - target: {fileID: 4540671604969549741, guid: 94a80289c3a98454bb84d395d4410fcf,
        type: 3}
      propertyPath: m_LocalEulerAnglesHint.z
      value: 0
      objectReference: {fileID: 0}
    - target: {fileID: 4540671604969549741, guid: 94a80289c3a98454bb84d395d4410fcf,
        type: 3}
      propertyPath: m_LocalScale.x
      value: 3
      objectReference: {fileID: 0}
    - target: {fileID: 4540671604969549741, guid: 94a80289c3a98454bb84d395d4410fcf,
        type: 3}
      propertyPath: m_LocalScale.y
      value: 3
      objectReference: {fileID: 0}
    - target: {fileID: 4540671604969549741, guid: 94a80289c3a98454bb84d395d4410fcf,
        type: 3}
      propertyPath: m_LocalScale.z
      value: 3
      objectReference: {fileID: 0}
    - target: {fileID: 5626090635167982794, guid: 94a80289c3a98454bb84d395d4410fcf,
        type: 3}
      propertyPath: Audio
      value: 
      objectReference: {fileID: 0}
    - target: {fileID: 5626090635167982794, guid: 94a80289c3a98454bb84d395d4410fcf,
        type: 3}
      propertyPath: Mappa
      value: 
      objectReference: {fileID: 11400000, guid: 77029fd250ffeaf4aa8816b685c98d0f,
        type: 2}
    m_RemovedComponents: []
  m_SourcePrefab: {fileID: 100100000, guid: 94a80289c3a98454bb84d395d4410fcf, type: 3}
--- !u!4 &5192600046681235329 stripped
Transform:
  m_CorrespondingSourceObject: {fileID: 4540671604969549741, guid: 94a80289c3a98454bb84d395d4410fcf,
    type: 3}
  m_PrefabInstance: {fileID: 8578344637733089324}
  m_PrefabAsset: {fileID: 0}
--- !u!1001 &8578344637744749841
PrefabInstance:
  m_ObjectHideFlags: 0
  serializedVersion: 2
  m_Modification:
    m_TransformParent: {fileID: 8578344636215986174}
    m_Modifications:
    - target: {fileID: 673548851096804798, guid: 94a80289c3a98454bb84d395d4410fcf,
        type: 3}
      propertyPath: m_Name
      value: MDL_Cassa mappa 9
      objectReference: {fileID: 0}
    - target: {fileID: 4540671604969549741, guid: 94a80289c3a98454bb84d395d4410fcf,
        type: 3}
      propertyPath: m_LocalPosition.x
      value: 135.433
      objectReference: {fileID: 0}
    - target: {fileID: 4540671604969549741, guid: 94a80289c3a98454bb84d395d4410fcf,
        type: 3}
      propertyPath: m_LocalPosition.y
      value: 65.54
      objectReference: {fileID: 0}
    - target: {fileID: 4540671604969549741, guid: 94a80289c3a98454bb84d395d4410fcf,
        type: 3}
      propertyPath: m_LocalPosition.z
      value: 784.83655
      objectReference: {fileID: 0}
    - target: {fileID: 4540671604969549741, guid: 94a80289c3a98454bb84d395d4410fcf,
        type: 3}
      propertyPath: m_LocalRotation.x
      value: -0
      objectReference: {fileID: 0}
    - target: {fileID: 4540671604969549741, guid: 94a80289c3a98454bb84d395d4410fcf,
        type: 3}
      propertyPath: m_LocalRotation.y
      value: 0.13790028
      objectReference: {fileID: 0}
    - target: {fileID: 4540671604969549741, guid: 94a80289c3a98454bb84d395d4410fcf,
        type: 3}
      propertyPath: m_LocalRotation.z
      value: -0
      objectReference: {fileID: 0}
    - target: {fileID: 4540671604969549741, guid: 94a80289c3a98454bb84d395d4410fcf,
        type: 3}
      propertyPath: m_LocalRotation.w
      value: 0.99044615
      objectReference: {fileID: 0}
    - target: {fileID: 4540671604969549741, guid: 94a80289c3a98454bb84d395d4410fcf,
        type: 3}
      propertyPath: m_RootOrder
      value: 8
      objectReference: {fileID: 0}
    - target: {fileID: 4540671604969549741, guid: 94a80289c3a98454bb84d395d4410fcf,
        type: 3}
      propertyPath: m_LocalEulerAnglesHint.x
      value: 0
      objectReference: {fileID: 0}
    - target: {fileID: 4540671604969549741, guid: 94a80289c3a98454bb84d395d4410fcf,
        type: 3}
      propertyPath: m_LocalEulerAnglesHint.y
      value: 15.853001
      objectReference: {fileID: 0}
    - target: {fileID: 4540671604969549741, guid: 94a80289c3a98454bb84d395d4410fcf,
        type: 3}
      propertyPath: m_LocalEulerAnglesHint.z
      value: 0
      objectReference: {fileID: 0}
    - target: {fileID: 4540671604969549741, guid: 94a80289c3a98454bb84d395d4410fcf,
        type: 3}
      propertyPath: m_LocalScale.x
      value: 3
      objectReference: {fileID: 0}
    - target: {fileID: 4540671604969549741, guid: 94a80289c3a98454bb84d395d4410fcf,
        type: 3}
      propertyPath: m_LocalScale.y
      value: 3
      objectReference: {fileID: 0}
    - target: {fileID: 4540671604969549741, guid: 94a80289c3a98454bb84d395d4410fcf,
        type: 3}
      propertyPath: m_LocalScale.z
      value: 3
      objectReference: {fileID: 0}
    - target: {fileID: 5626090635167982794, guid: 94a80289c3a98454bb84d395d4410fcf,
        type: 3}
      propertyPath: Audio
      value: 
      objectReference: {fileID: 0}
    - target: {fileID: 5626090635167982794, guid: 94a80289c3a98454bb84d395d4410fcf,
        type: 3}
      propertyPath: Mappa
      value: 
      objectReference: {fileID: 11400000, guid: 9cf77473038a7254f9d96d12e04c2176,
        type: 2}
    m_RemovedComponents: []
  m_SourcePrefab: {fileID: 100100000, guid: 94a80289c3a98454bb84d395d4410fcf, type: 3}
--- !u!4 &5192600046667739836 stripped
Transform:
  m_CorrespondingSourceObject: {fileID: 4540671604969549741, guid: 94a80289c3a98454bb84d395d4410fcf,
    type: 3}
  m_PrefabInstance: {fileID: 8578344637744749841}
  m_PrefabAsset: {fileID: 0}
